{"exchange":"binance","symbol":"DOTUSDT","last_updated":1772553234754,"trades":[{"is_buyer_maker":true,"price":1.505,"quantity":13.4,"timestamp":1772552637824},{"is_buyer_maker":false,"price":1.506,"quantity":0.7,"timestamp":1772552638276},{"is_buyer_maker":false,"price":1.506,"quantity":1990.0,"timestamp":1772552638655},{"is_buyer_maker":true,"price":1.505,"quantity":92.3,"timestamp":1772552639033},{"is_buyer_maker":true,"price":1.505,"quantity":1035.6,"timestamp":1772552639402},{"is_buyer_maker":false,"price":1.506,"quantity":24.3,"timestamp":1772552640231},{"is_buyer_maker":true,"price":1.505,"quantity":354.8,"timestamp":1772552641066},{"is_buyer_maker":true,"price":1.505,"quantity":72.4,"timestamp":1772552641887},{"is_buyer_maker":true,"price":1.505,"quantity":40.2,"timestamp":1772552642427},{"is_buyer_maker":true,"price":1.505,"quantity":3.4,"timestamp":1772552644311},{"is_buyer_maker":false,"price":1.506,"quantity":3549.6,"timestamp":1772552645508},{"is_buyer_maker":false,"price":1.507,"quantity":664.7,"timestamp":1772552645634},{"is_buyer_maker":false,"price":1.507,"quantity":320.1,"timestamp":1772552645751},{"is_buyer_maker":false,"price":1.507,"quantity":6.5,"timestamp":1772552645879},{"is_buyer_maker":false,"price":1.507,"quantity":43.6,"timestamp":1772552647349},{"is_buyer_maker":false,"price":1.507,"quantity":6.9,"timestamp":1772552647563},{"is_buyer_maker":false,"price":1.507,"quantity":3.3,"timestamp":1772552647755},{"is_buyer_maker":false,"price":1.507,"quantity":5.0,"timestamp":1772552648207},{"is_buyer_maker":false,"price":1.507,"quantity":31.9,"timestamp":1772552649249},{"is_buyer_maker":false,"price":1.507,"quantity":1.5,"timestamp":1772552649350},{"is_buyer_maker":false,"price":1.507,"quantity":5.7,"timestamp":1772552650028},{"is_buyer_maker":true,"price":1.506,"quantity":728.3,"timestamp":1772552650346},{"is_buyer_maker":false,"price":1.506,"quantity":2.9,"timestamp":1772552650598},{"is_buyer_maker":false,"price":1.506,"quantity":0.3,"timestamp":1772552651310},{"is_buyer_maker":false,"price":1.506,"quantity":4.9,"timestamp":1772552651567},{"is_buyer_maker":true,"price":1.505,"quantity":32.7,"timestamp":1772552651763},{"is_buyer_maker":false,"price":1.506,"quantity":0.2,"timestamp":1772552652913},{"is_buyer_maker":true,"price":1.505,"quantity":406.5,"timestamp":1772552653507},{"is_buyer_maker":true,"price":1.505,"quantity":288.8,"timestamp":1772552655684},{"is_buyer_maker":false,"price":1.505,"quantity":14.1,"timestamp":1772552656287},{"is_buyer_maker":false,"price":1.506,"quantity":4.3,"timestamp":1772552657274},{"is_buyer_maker":true,"price":1.505,"quantity":18.3,"timestamp":1772552657864},{"is_buyer_maker":true,"price":1.504,"quantity":33.0,"timestamp":1772552658827},{"is_buyer_maker":true,"price":1.504,"quantity":7.5,"timestamp":1772552659947},{"is_buyer_maker":true,"price":1.504,"quantity":89.7,"timestamp":1772552660092},{"is_buyer_maker":true,"price":1.504,"quantity":2320.5,"timestamp":1772552661135},{"is_buyer_maker":false,"price":1.504,"quantity":2.7,"timestamp":1772552662144},{"is_buyer_maker":false,"price":1.504,"quantity":95.9,"timestamp":1772552662859},{"is_buyer_maker":true,"price":1.503,"quantity":3.7,"timestamp":1772552663123},{"is_buyer_maker":true,"price":1.503,"quantity":1265.7,"timestamp":1772552663748},{"is_buyer_maker":true,"price":1.503,"quantity":16.9,"timestamp":1772552665072},{"is_buyer_maker":false,"price":1.504,"quantity":2257.2,"timestamp":1772552666797},{"is_buyer_maker":false,"price":1.505,"quantity":81.1,"timestamp":1772552669787},{"is_buyer_maker":true,"price":1.504,"quantity":31.1,"timestamp":1772552669977},{"is_buyer_maker":false,"price":1.505,"quantity":6.5,"timestamp":1772552670337},{"is_buyer_maker":false,"price":1.505,"quantity":6.4,"timestamp":1772552672611},{"is_buyer_maker":false,"price":1.505,"quantity":3.4,"timestamp":1772552673187},{"is_buyer_maker":false,"price":1.505,"quantity":98.3,"timestamp":1772552674212},{"is_buyer_maker":false,"price":1.505,"quantity":2.4,"timestamp":1772552679462},{"is_buyer_maker":true,"price":1.504,"quantity":86.3,"timestamp":1772552679773},{"is_buyer_maker":false,"price":1.505,"quantity":6.5,"timestamp":1772552679808},{"is_buyer_maker":true,"price":1.504,"quantity":8.0,"timestamp":1772552679973},{"is_buyer_maker":false,"price":1.505,"quantity":2458.5,"timestamp":1772552680000},{"is_buyer_maker":true,"price":1.505,"quantity":3.5,"timestamp":1772552680616},{"is_buyer_maker":true,"price":1.505,"quantity":3.4,"timestamp":1772552681061},{"is_buyer_maker":false,"price":1.506,"quantity":2.0,"timestamp":1772552683194},{"is_buyer_maker":false,"price":1.506,"quantity":5.2,"timestamp":1772552686168},{"is_buyer_maker":true,"price":1.505,"quantity":387.5,"timestamp":1772552687063},{"is_buyer_maker":false,"price":1.505,"quantity":1.9,"timestamp":1772552688297},{"is_buyer_maker":true,"price":1.504,"quantity":64.9,"timestamp":1772552689822},{"is_buyer_maker":false,"price":1.505,"quantity":3.4,"timestamp":1772552691564},{"is_buyer_maker":true,"price":1.504,"quantity":538.4,"timestamp":1772552691727},{"is_buyer_maker":false,"price":1.505,"quantity":60.0,"timestamp":1772552692212},{"is_buyer_maker":false,"price":1.505,"quantity":322.9,"timestamp":1772552692444},{"is_buyer_maker":false,"price":1.506,"quantity":3.4,"timestamp":1772552693175},{"is_buyer_maker":true,"price":1.505,"quantity":1041.7,"timestamp":1772552694141},{"is_buyer_maker":true,"price":1.504,"quantity":679.4,"timestamp":1772552694187},{"is_buyer_maker":false,"price":1.505,"quantity":3.1,"timestamp":1772552695517},{"is_buyer_maker":false,"price":1.505,"quantity":15.5,"timestamp":1772552696099},{"is_buyer_maker":false,"price":1.505,"quantity":2.8,"timestamp":1772552698597},{"is_buyer_maker":false,"price":1.505,"quantity":10.7,"timestamp":1772552700945},{"is_buyer_maker":false,"price":1.505,"quantity":545.7,"timestamp":1772552701339},{"is_buyer_maker":true,"price":1.505,"quantity":18.4,"timestamp":1772552701396},{"is_buyer_maker":true,"price":1.505,"quantity":53.4,"timestamp":1772552701765},{"is_buyer_maker":false,"price":1.506,"quantity":2.7,"timestamp":1772552702191},{"is_buyer_maker":true,"price":1.505,"quantity":33.8,"timestamp":1772552702267},{"is_buyer_maker":false,"price":1.506,"quantity":1266.5,"timestamp":1772552702693},{"is_buyer_maker":false,"price":1.507,"quantity":19.3,"timestamp":1772552702868},{"is_buyer_maker":true,"price":1.506,"quantity":41.1,"timestamp":1772552702903},{"is_buyer_maker":true,"price":1.506,"quantity":1352.7,"timestamp":1772552704151},{"is_buyer_maker":false,"price":1.506,"quantity":7922.9,"timestamp":1772552704279},{"is_buyer_maker":false,"price":1.507,"quantity":9785.2,"timestamp":1772552705186},{"is_buyer_maker":true,"price":1.507,"quantity":5735.3,"timestamp":1772552705334},{"is_buyer_maker":false,"price":1.507,"quantity":73.4,"timestamp":1772552705677},{"is_buyer_maker":true,"price":1.507,"quantity":910.3,"timestamp":1772552706040},{"is_buyer_maker":false,"price":1.507,"quantity":8.0,"timestamp":1772552706112},{"is_buyer_maker":true,"price":1.506,"quantity":670.6,"timestamp":1772552707855},{"is_buyer_maker":false,"price":1.506,"quantity":99.6,"timestamp":1772552708483},{"is_buyer_maker":false,"price":1.506,"quantity":0.6,"timestamp":1772552710800},{"is_buyer_maker":false,"price":1.506,"quantity":16.6,"timestamp":1772552711558},{"is_buyer_maker":false,"price":1.506,"quantity":2.7,"timestamp":1772552712011},{"is_buyer_maker":false,"price":1.506,"quantity":3010.4,"timestamp":1772552712261},{"is_buyer_maker":false,"price":1.506,"quantity":1265.0,"timestamp":1772552712447},{"is_buyer_maker":false,"price":1.506,"quantity":16.5,"timestamp":1772552713228},{"is_buyer_maker":true,"price":1.505,"quantity":24.3,"timestamp":1772552714854},{"is_buyer_maker":false,"price":1.506,"quantity":1499.9,"timestamp":1772552715641},{"is_buyer_maker":false,"price":1.507,"quantity":58.9,"timestamp":1772552715685},{"is_buyer_maker":false,"price":1.507,"quantity":828.9,"timestamp":1772552715813},{"is_buyer_maker":true,"price":1.506,"quantity":1437.2,"timestamp":1772552716234},{"is_buyer_maker":true,"price":1.506,"quantity":16.1,"timestamp":1772552716632},{"is_buyer_maker":false,"price":1.507,"quantity":2.0,"timestamp":1772552717499},{"is_buyer_maker":false,"price":1.507,"quantity":34.8,"timestamp":1772552717656},{"is_buyer_maker":false,"price":1.507,"quantity":2.6,"timestamp":1772552724683},{"is_buyer_maker":false,"price":1.507,"quantity":4.0,"timestamp":1772552724979},{"is_buyer_maker":false,"price":1.507,"quantity":3.3,"timestamp":1772552725656},{"is_buyer_maker":true,"price":1.506,"quantity":276.6,"timestamp":1772552726375},{"is_buyer_maker":true,"price":1.506,"quantity":10.4,"timestamp":1772552726615},{"is_buyer_maker":false,"price":1.506,"quantity":199.0,"timestamp":1772552726769},{"is_buyer_maker":false,"price":1.506,"quantity":79.8,"timestamp":1772552727435},{"is_buyer_maker":false,"price":1.507,"quantity":1.9,"timestamp":1772552728667},{"is_buyer_maker":false,"price":1.507,"quantity":60.0,"timestamp":1772552729186},{"is_buyer_maker":true,"price":1.506,"quantity":55.3,"timestamp":1772552729831},{"is_buyer_maker":false,"price":1.507,"quantity":1676.2,"timestamp":1772552729984},{"is_buyer_maker":false,"price":1.508,"quantity":816.1,"timestamp":1772552731627},{"is_buyer_maker":false,"price":1.509,"quantity":95.6,"timestamp":1772552732068},{"is_buyer_maker":true,"price":1.508,"quantity":24.3,"timestamp":1772552732127},{"is_buyer_maker":true,"price":1.507,"quantity":3.5,"timestamp":1772552732365},{"is_buyer_maker":false,"price":1.508,"quantity":6.2,"timestamp":1772552732560},{"is_buyer_maker":false,"price":1.508,"quantity":2.9,"timestamp":1772552732949},{"is_buyer_maker":false,"price":1.508,"quantity":113.0,"timestamp":1772552733146},{"is_buyer_maker":true,"price":1.507,"quantity":401.3,"timestamp":1772552734469},{"is_buyer_maker":false,"price":1.507,"quantity":5.0,"timestamp":1772552734643},{"is_buyer_maker":false,"price":1.507,"quantity":0.7,"timestamp":1772552735888},{"is_buyer_maker":true,"price":1.506,"quantity":1990.0,"timestamp":1772552736104},{"is_buyer_maker":false,"price":1.507,"quantity":488.2,"timestamp":1772552737432},{"is_buyer_maker":false,"price":1.507,"quantity":3.7,"timestamp":1772552737714},{"is_buyer_maker":true,"price":1.506,"quantity":152.8,"timestamp":1772552737770},{"is_buyer_maker":false,"price":1.507,"quantity":770.5,"timestamp":1772552738365},{"is_buyer_maker":true,"price":1.507,"quantity":6.6,"timestamp":1772552738845},{"is_buyer_maker":true,"price":1.507,"quantity":67.6,"timestamp":1772552740161},{"is_buyer_maker":false,"price":1.508,"quantity":8.9,"timestamp":1772552741633},{"is_buyer_maker":false,"price":1.508,"quantity":2025.5,"timestamp":1772552742394},{"is_buyer_maker":true,"price":1.507,"quantity":1263.9,"timestamp":1772552743346},{"is_buyer_maker":false,"price":1.507,"quantity":10.4,"timestamp":1772552744802},{"is_buyer_maker":false,"price":1.507,"quantity":10.4,"timestamp":1772552745203},{"is_buyer_maker":true,"price":1.507,"quantity":0.1,"timestamp":1772552747065},{"is_buyer_maker":false,"price":1.508,"quantity":13.4,"timestamp":1772552747668},{"is_buyer_maker":true,"price":1.507,"quantity":68.6,"timestamp":1772552748516},{"is_buyer_maker":false,"price":1.508,"quantity":1.7,"timestamp":1772552748628},{"is_buyer_maker":false,"price":1.508,"quantity":4.1,"timestamp":1772552748927},{"is_buyer_maker":false,"price":1.508,"quantity":224.7,"timestamp":1772552749160},{"is_buyer_maker":true,"price":1.507,"quantity":58.3,"timestamp":1772552749709},{"is_buyer_maker":false,"price":1.508,"quantity":0.1,"timestamp":1772552749790},{"is_buyer_maker":true,"price":1.507,"quantity":3.8,"timestamp":1772552749853},{"is_buyer_maker":false,"price":1.508,"quantity":16.4,"timestamp":1772552749863},{"is_buyer_maker":true,"price":1.507,"quantity":397.9,"timestamp":1772552749961},{"is_buyer_maker":true,"price":1.507,"quantity":18.4,"timestamp":1772552750103},{"is_buyer_maker":true,"price":1.506,"quantity":5.5,"timestamp":1772552750103},{"is_buyer_maker":true,"price":1.507,"quantity":18.4,"timestamp":1772552750103},{"is_buyer_maker":true,"price":1.506,"quantity":5.5,"timestamp":1772552750103},{"is_buyer_maker":true,"price":1.507,"quantity":18.4,"timestamp":1772552750103},{"is_buyer_maker":true,"price":1.506,"quantity":5.5,"timestamp":1772552750103},{"is_buyer_maker":true,"price":1.507,"quantity":18.4,"timestamp":1772552750103},{"is_buyer_maker":true,"price":1.506,"quantity":5.5,"timestamp":1772552750103},{"is_buyer_maker":true,"price":1.507,"quantity":18.4,"timestamp":1772552750103},{"is_buyer_maker":true,"price":1.506,"quantity":5.5,"timestamp":1772552750103},{"is_buyer_maker":true,"price":1.507,"quantity":18.4,"timestamp":1772552750103},{"is_buyer_maker":true,"price":1.506,"quantity":5.5,"timestamp":1772552750103},{"is_buyer_maker":true,"price":1.507,"quantity":18.4,"timestamp":1772552750103},{"is_buyer_maker":true,"price":1.506,"quantity":5.5,"timestamp":1772552750103},{"is_buyer_maker":true,"price":1.507,"quantity":18.4,"timestamp":1772552750103},{"is_buyer_maker":true,"price":1.506,"quantity":5.5,"timestamp":1772552750103},{"is_buyer_maker":true,"price":1.507,"quantity":18.4,"timestamp":1772552750103},{"is_buyer_maker":true,"price":1.506,"quantity":5.5,"timestamp":1772552750103},{"is_buyer_maker":true,"price":1.507,"quantity":18.4,"timestamp":1772552750103},{"is_buyer_maker":true,"price":1.506,"quantity":5.5,"timestamp":1772552750103},{"is_buyer_maker":true,"price":1.507,"quantity":18.4,"timestamp":1772552750103},{"is_buyer_maker":true,"price":1.506,"quantity":5.5,"timestamp":1772552750103},{"is_buyer_maker":true,"price":1.507,"quantity":18.4,"timestamp":1772552750103},{"is_buyer_maker":true,"price":1.506,"quantity":5.5,"timestamp":1772552750103},{"is_buyer_maker":true,"price":1.507,"quantity":18.4,"timestamp":1772552750103},{"is_buyer_maker":true,"price":1.506,"quantity":5.5,"timestamp":1772552750103},{"is_buyer_maker":true,"price":1.507,"quantity":18.4,"timestamp":1772552750103},{"is_buyer_maker":true,"price":1.506,"quantity":5.5,"timestamp":1772552750103},{"is_buyer_maker":true,"price":1.507,"quantity":18.4,"timestamp":1772552750103},{"is_buyer_maker":true,"price":1.506,"quantity":5.5,"timestamp":1772552750103},{"is_buyer_maker":true,"price":1.507,"quantity":18.4,"timestamp":1772552750103},{"is_buyer_maker":true,"price":1.506,"quantity":5.5,"timestamp":1772552750103},{"is_buyer_maker":true,"price":1.506,"quantity":3.9,"timestamp":1772552750468},{"is_buyer_maker":false,"price":1.507,"quantity":3595.4,"timestamp":1772552751053},{"is_buyer_maker":true,"price":1.507,"quantity":67.7,"timestamp":1772552751112},{"is_buyer_maker":true,"price":1.507,"quantity":3.8,"timestamp":1772552751781},{"is_buyer_maker":false,"price":1.508,"quantity":60.0,"timestamp":1772552751813},{"is_buyer_maker":true,"price":1.507,"quantity":391.3,"timestamp":1772552752831},{"is_buyer_maker":false,"price":1.507,"quantity":10.4,"timestamp":1772552753141},{"is_buyer_maker":false,"price":1.507,"quantity":10.4,"timestamp":1772552753254},{"is_buyer_maker":false,"price":1.508,"quantity":1994.9,"timestamp":1772552753254},{"is_buyer_maker":false,"price":1.507,"quantity":10.4,"timestamp":1772552753254},{"is_buyer_maker":false,"price":1.508,"quantity":1994.9,"timestamp":1772552753254},{"is_buyer_maker":false,"price":1.507,"quantity":10.4,"timestamp":1772552753254},{"is_buyer_maker":false,"price":1.508,"quantity":1994.9,"timestamp":1772552753254},{"is_buyer_maker":false,"price":1.507,"quantity":10.4,"timestamp":1772552753254},{"is_buyer_maker":false,"price":1.508,"quantity":1994.9,"timestamp":1772552753254},{"is_buyer_maker":false,"price":1.507,"quantity":10.4,"timestamp":1772552753254},{"is_buyer_maker":false,"price":1.508,"quantity":1994.9,"timestamp":1772552753254},{"is_buyer_maker":false,"price":1.507,"quantity":10.4,"timestamp":1772552753254},{"is_buyer_maker":false,"price":1.508,"quantity":1994.9,"timestamp":1772552753254},{"is_buyer_maker":false,"price":1.507,"quantity":10.4,"timestamp":1772552753254},{"is_buyer_maker":false,"price":1.508,"quantity":1994.9,"timestamp":1772552753254},{"is_buyer_maker":false,"price":1.507,"quantity":10.4,"timestamp":1772552753254},{"is_buyer_maker":false,"price":1.508,"quantity":1994.9,"timestamp":1772552753254},{"is_buyer_maker":false,"price":1.507,"quantity":10.4,"timestamp":1772552753254},{"is_buyer_maker":false,"price":1.508,"quantity":1994.9,"timestamp":1772552753254},{"is_buyer_maker":false,"price":1.507,"quantity":10.4,"timestamp":1772552753254},{"is_buyer_maker":false,"price":1.508,"quantity":1994.9,"timestamp":1772552753254},{"is_buyer_maker":false,"price":1.507,"quantity":10.4,"timestamp":1772552753254},{"is_buyer_maker":false,"price":1.508,"quantity":1994.9,"timestamp":1772552753254},{"is_buyer_maker":false,"price":1.507,"quantity":10.4,"timestamp":1772552753254},{"is_buyer_maker":false,"price":1.508,"quantity":1994.9,"timestamp":1772552753254},{"is_buyer_maker":false,"price":1.507,"quantity":10.4,"timestamp":1772552753254},{"is_buyer_maker":false,"price":1.508,"quantity":1994.9,"timestamp":1772552753254},{"is_buyer_maker":false,"price":1.507,"quantity":10.4,"timestamp":1772552753254},{"is_buyer_maker":false,"price":1.508,"quantity":1994.9,"timestamp":1772552753254},{"is_buyer_maker":false,"price":1.507,"quantity":10.4,"timestamp":1772552753254},{"is_buyer_maker":false,"price":1.508,"quantity":1994.9,"timestamp":1772552753254},{"is_buyer_maker":false,"price":1.507,"quantity":10.4,"timestamp":1772552753254},{"is_buyer_maker":false,"price":1.508,"quantity":1994.9,"timestamp":1772552753254},{"is_buyer_maker":false,"price":1.508,"quantity":0.3,"timestamp":1772552753629},{"is_buyer_maker":false,"price":1.508,"quantity":0.8,"timestamp":1772552754722},{"is_buyer_maker":false,"price":1.508,"quantity":13.1,"timestamp":1772552755255},{"is_buyer_maker":false,"price":1.508,"quantity":0.1,"timestamp":1772552755866},{"is_buyer_maker":false,"price":1.508,"quantity":291.7,"timestamp":1772552757268},{"is_buyer_maker":true,"price":1.507,"quantity":362.6,"timestamp":1772552757350},{"is_buyer_maker":false,"price":1.507,"quantity":3.7,"timestamp":1772552757986},{"is_buyer_maker":true,"price":1.506,"quantity":3.4,"timestamp":1772552758130},{"is_buyer_maker":false,"price":1.507,"quantity":1896.7,"timestamp":1772552758356},{"is_buyer_maker":true,"price":1.507,"quantity":6672.9,"timestamp":1772552758399},{"is_buyer_maker":false,"price":1.507,"quantity":21.0,"timestamp":1772552758944},{"is_buyer_maker":false,"price":1.507,"quantity":4.1,"timestamp":1772552759324},{"is_buyer_maker":false,"price":1.507,"quantity":5.9,"timestamp":1772552759839},{"is_buyer_maker":true,"price":1.506,"quantity":3.8,"timestamp":1772552761401},{"is_buyer_maker":true,"price":1.506,"quantity":37.7,"timestamp":1772552762221},{"is_buyer_maker":true,"price":1.506,"quantity":16.4,"timestamp":1772552762361},{"is_buyer_maker":false,"price":1.507,"quantity":1351.5,"timestamp":1772552763317},{"is_buyer_maker":false,"price":1.507,"quantity":418.3,"timestamp":1772552763493},{"is_buyer_maker":false,"price":1.508,"quantity":10.0,"timestamp":1772552764544},{"is_buyer_maker":false,"price":1.508,"quantity":60.0,"timestamp":1772552764682},{"is_buyer_maker":false,"price":1.508,"quantity":3.2,"timestamp":1772552764871},{"is_buyer_maker":true,"price":1.507,"quantity":3.9,"timestamp":1772552767086},{"is_buyer_maker":false,"price":1.508,"quantity":4.4,"timestamp":1772552767174},{"is_buyer_maker":false,"price":1.508,"quantity":241.7,"timestamp":1772552767888},{"is_buyer_maker":false,"price":1.508,"quantity":3.4,"timestamp":1772552769127},{"is_buyer_maker":false,"price":1.508,"quantity":39.7,"timestamp":1772552769768},{"is_buyer_maker":true,"price":1.507,"quantity":764.0,"timestamp":1772552770922},{"is_buyer_maker":false,"price":1.507,"quantity":2.0,"timestamp":1772552770954},{"is_buyer_maker":false,"price":1.507,"quantity":38.2,"timestamp":1772552771103},{"is_buyer_maker":false,"price":1.507,"quantity":1.2,"timestamp":1772552771927},{"is_buyer_maker":false,"price":1.507,"quantity":414.3,"timestamp":1772552773258},{"is_buyer_maker":false,"price":1.507,"quantity":623.8,"timestamp":1772552774406},{"is_buyer_maker":true,"price":1.507,"quantity":3.8,"timestamp":1772552774573},{"is_buyer_maker":false,"price":1.508,"quantity":1661.5,"timestamp":1772552776146},{"is_buyer_maker":true,"price":1.508,"quantity":198.9,"timestamp":1772552776722},{"is_buyer_maker":true,"price":1.508,"quantity":335.2,"timestamp":1772552776836},{"is_buyer_maker":false,"price":1.509,"quantity":3.1,"timestamp":1772552777137},{"is_buyer_maker":false,"price":1.509,"quantity":128.7,"timestamp":1772552777377},{"is_buyer_maker":true,"price":1.509,"quantity":14.8,"timestamp":1772552778154},{"is_buyer_maker":false,"price":1.509,"quantity":366.5,"timestamp":1772552778869},{"is_buyer_maker":false,"price":1.509,"quantity":14.4,"timestamp":1772552779090},{"is_buyer_maker":false,"price":1.51,"quantity":2.7,"timestamp":1772552779880},{"is_buyer_maker":false,"price":1.51,"quantity":1529.7,"timestamp":1772552780680},{"is_buyer_maker":true,"price":1.509,"quantity":5.0,"timestamp":1772552782040},{"is_buyer_maker":true,"price":1.509,"quantity":316.2,"timestamp":1772552782545},{"is_buyer_maker":false,"price":1.509,"quantity":201.2,"timestamp":1772552783354},{"is_buyer_maker":false,"price":1.509,"quantity":487.4,"timestamp":1772552784084},{"is_buyer_maker":true,"price":1.508,"quantity":1783.3,"timestamp":1772552786135},{"is_buyer_maker":false,"price":1.508,"quantity":300.0,"timestamp":1772552786732},{"is_buyer_maker":true,"price":1.507,"quantity":1795.4,"timestamp":1772552788213},{"is_buyer_maker":true,"price":1.507,"quantity":94.5,"timestamp":1772552788423},{"is_buyer_maker":true,"price":1.506,"quantity":1846.7,"timestamp":1772552790653},{"is_buyer_maker":false,"price":1.506,"quantity":237.6,"timestamp":1772552792122},{"is_buyer_maker":false,"price":1.506,"quantity":738.4,"timestamp":1772552793045},{"is_buyer_maker":true,"price":1.505,"quantity":4666.0,"timestamp":1772552794702},{"is_buyer_maker":true,"price":1.504,"quantity":68.7,"timestamp":1772552794726},{"is_buyer_maker":true,"price":1.504,"quantity":61.4,"timestamp":1772552795078},{"is_buyer_maker":false,"price":1.505,"quantity":450.3,"timestamp":1772552795373},{"is_buyer_maker":true,"price":1.505,"quantity":67.5,"timestamp":1772552796050},{"is_buyer_maker":true,"price":1.505,"quantity":14.9,"timestamp":1772552797205},{"is_buyer_maker":false,"price":1.505,"quantity":2.4,"timestamp":1772552798175},{"is_buyer_maker":true,"price":1.504,"quantity":70.4,"timestamp":1772552799823},{"is_buyer_maker":true,"price":1.504,"quantity":60.8,"timestamp":1772552800045},{"is_buyer_maker":false,"price":1.505,"quantity":517.0,"timestamp":1772552801670},{"is_buyer_maker":true,"price":1.505,"quantity":437.4,"timestamp":1772552801720},{"is_buyer_maker":true,"price":1.505,"quantity":2351.2,"timestamp":1772552807367},{"is_buyer_maker":false,"price":1.505,"quantity":2.8,"timestamp":1772552808790},{"is_buyer_maker":false,"price":1.505,"quantity":342.2,"timestamp":1772552811541},{"is_buyer_maker":false,"price":1.505,"quantity":52.7,"timestamp":1772552811892},{"is_buyer_maker":false,"price":1.505,"quantity":20.1,"timestamp":1772552815427},{"is_buyer_maker":false,"price":1.505,"quantity":2.0,"timestamp":1772552816439},{"is_buyer_maker":false,"price":1.505,"quantity":4.4,"timestamp":1772552817989},{"is_buyer_maker":false,"price":1.505,"quantity":453.4,"timestamp":1772552819820},{"is_buyer_maker":false,"price":1.506,"quantity":170.7,"timestamp":1772552820025},{"is_buyer_maker":true,"price":1.505,"quantity":3.4,"timestamp":1772552820595},{"is_buyer_maker":false,"price":1.506,"quantity":33.2,"timestamp":1772552820695},{"is_buyer_maker":false,"price":1.506,"quantity":9.4,"timestamp":1772552821310},{"is_buyer_maker":true,"price":1.505,"quantity":35.5,"timestamp":1772552822208},{"is_buyer_maker":true,"price":1.505,"quantity":7.6,"timestamp":1772552822547},{"is_buyer_maker":true,"price":1.505,"quantity":454.4,"timestamp":1772552824128},{"is_buyer_maker":true,"price":1.504,"quantity":3.8,"timestamp":1772552825669},{"is_buyer_maker":true,"price":1.504,"quantity":9854.9,"timestamp":1772552825822},{"is_buyer_maker":true,"price":1.503,"quantity":19621.5,"timestamp":1772552825933},{"is_buyer_maker":true,"price":1.503,"quantity":17.6,"timestamp":1772552827833},{"is_buyer_maker":false,"price":1.503,"quantity":72.6,"timestamp":1772552828080},{"is_buyer_maker":false,"price":1.504,"quantity":17.8,"timestamp":1772552828114},{"is_buyer_maker":false,"price":1.504,"quantity":11.5,"timestamp":1772552828278},{"is_buyer_maker":false,"price":1.504,"quantity":4.5,"timestamp":1772552829135},{"is_buyer_maker":false,"price":1.504,"quantity":2722.8,"timestamp":1772552829367},{"is_buyer_maker":true,"price":1.504,"quantity":449.3,"timestamp":1772552829540},{"is_buyer_maker":false,"price":1.504,"quantity":806.1,"timestamp":1772552830375},{"is_buyer_maker":false,"price":1.505,"quantity":0.5,"timestamp":1772552831310},{"is_buyer_maker":false,"price":1.505,"quantity":293.9,"timestamp":1772552831598},{"is_buyer_maker":false,"price":1.506,"quantity":23.2,"timestamp":1772552832255},{"is_buyer_maker":true,"price":1.505,"quantity":21.6,"timestamp":1772552832915},{"is_buyer_maker":false,"price":1.505,"quantity":3264.6,"timestamp":1772552833690},{"is_buyer_maker":false,"price":1.506,"quantity":9.3,"timestamp":1772552834169},{"is_buyer_maker":false,"price":1.506,"quantity":6.5,"timestamp":1772552834272},{"is_buyer_maker":true,"price":1.505,"quantity":3.8,"timestamp":1772552834279},{"is_buyer_maker":true,"price":1.505,"quantity":7.6,"timestamp":1772552834437},{"is_buyer_maker":true,"price":1.505,"quantity":37.9,"timestamp":1772552835086},{"is_buyer_maker":true,"price":1.504,"quantity":13.8,"timestamp":1772552835186},{"is_buyer_maker":false,"price":1.505,"quantity":37.1,"timestamp":1772552835340},{"is_buyer_maker":true,"price":1.504,"quantity":3.8,"timestamp":1772552836604},{"is_buyer_maker":true,"price":1.504,"quantity":698.4,"timestamp":1772552836912},{"is_buyer_maker":true,"price":1.503,"quantity":13.3,"timestamp":1772552837451},{"is_buyer_maker":false,"price":1.504,"quantity":3.0,"timestamp":1772552837718},{"is_buyer_maker":true,"price":1.503,"quantity":742.4,"timestamp":1772552838257},{"is_buyer_maker":false,"price":1.504,"quantity":6.6,"timestamp":1772552838599},{"is_buyer_maker":false,"price":1.505,"quantity":4.5,"timestamp":1772552838831},{"is_buyer_maker":false,"price":1.505,"quantity":635.3,"timestamp":1772552839423},{"is_buyer_maker":false,"price":1.506,"quantity":2.7,"timestamp":1772552840351},{"is_buyer_maker":false,"price":1.506,"quantity":4.4,"timestamp":1772552843455},{"is_buyer_maker":true,"price":1.505,"quantity":117.2,"timestamp":1772552844867},{"is_buyer_maker":false,"price":1.505,"quantity":39.2,"timestamp":1772552845866},{"is_buyer_maker":false,"price":1.506,"quantity":2.2,"timestamp":1772552846196},{"is_buyer_maker":false,"price":1.506,"quantity":1.3,"timestamp":1772552849173},{"is_buyer_maker":true,"price":1.505,"quantity":17.6,"timestamp":1772552849904},{"is_buyer_maker":false,"price":1.506,"quantity":574.8,"timestamp":1772552854563},{"is_buyer_maker":true,"price":1.506,"quantity":125.2,"timestamp":1772552854607},{"is_buyer_maker":false,"price":1.507,"quantity":23.7,"timestamp":1772552854742},{"is_buyer_maker":true,"price":1.506,"quantity":68.5,"timestamp":1772552854768},{"is_buyer_maker":false,"price":1.507,"quantity":16.8,"timestamp":1772552855007},{"is_buyer_maker":true,"price":1.506,"quantity":87.9,"timestamp":1772552855145},{"is_buyer_maker":false,"price":1.506,"quantity":1.5,"timestamp":1772552855188},{"is_buyer_maker":false,"price":1.506,"quantity":2469.4,"timestamp":1772552855677},{"is_buyer_maker":false,"price":1.506,"quantity":6.5,"timestamp":1772552855849},{"is_buyer_maker":true,"price":1.505,"quantity":152.8,"timestamp":1772552855955},{"is_buyer_maker":false,"price":1.506,"quantity":225.3,"timestamp":1772552856055},{"is_buyer_maker":false,"price":1.507,"quantity":13.0,"timestamp":1772552857208},{"is_buyer_maker":true,"price":1.506,"quantity":78.2,"timestamp":1772552858357},{"is_buyer_maker":false,"price":1.506,"quantity":155.9,"timestamp":1772552858602},{"is_buyer_maker":true,"price":1.506,"quantity":3.8,"timestamp":1772552858686},{"is_buyer_maker":false,"price":1.507,"quantity":1.2,"timestamp":1772552858777},{"is_buyer_maker":true,"price":1.506,"quantity":10.4,"timestamp":1772552859530},{"is_buyer_maker":false,"price":1.506,"quantity":1.9,"timestamp":1772552861943},{"is_buyer_maker":true,"price":1.505,"quantity":19.1,"timestamp":1772552864865},{"is_buyer_maker":false,"price":1.506,"quantity":106.1,"timestamp":1772552866293},{"is_buyer_maker":true,"price":1.505,"quantity":111.1,"timestamp":1772552866500},{"is_buyer_maker":false,"price":1.505,"quantity":8.4,"timestamp":1772552866887},{"is_buyer_maker":false,"price":1.505,"quantity":1.5,"timestamp":1772552869140},{"is_buyer_maker":true,"price":1.504,"quantity":15.7,"timestamp":1772552870005},{"is_buyer_maker":false,"price":1.505,"quantity":33.4,"timestamp":1772552870308},{"is_buyer_maker":false,"price":1.505,"quantity":1318.0,"timestamp":1772552870523},{"is_buyer_maker":false,"price":1.506,"quantity":2022.1,"timestamp":1772552870524},{"is_buyer_maker":false,"price":1.506,"quantity":0.3,"timestamp":1772552874140},{"is_buyer_maker":false,"price":1.506,"quantity":0.1,"timestamp":1772552876349},{"is_buyer_maker":false,"price":1.506,"quantity":6.5,"timestamp":1772552877729},{"is_buyer_maker":false,"price":1.506,"quantity":6.5,"timestamp":1772552877843},{"is_buyer_maker":true,"price":1.505,"quantity":3.8,"timestamp":1772552878598},{"is_buyer_maker":true,"price":1.505,"quantity":3.8,"timestamp":1772552878756},{"is_buyer_maker":false,"price":1.506,"quantity":1489.5,"timestamp":1772552880723},{"is_buyer_maker":false,"price":1.507,"quantity":9.3,"timestamp":1772552881279},{"is_buyer_maker":true,"price":1.506,"quantity":11.0,"timestamp":1772552881749},{"is_buyer_maker":false,"price":1.507,"quantity":1568.8,"timestamp":1772552881763},{"is_buyer_maker":false,"price":1.508,"quantity":530.3,"timestamp":1772552881838},{"is_buyer_maker":true,"price":1.507,"quantity":34.2,"timestamp":1772552881863},{"is_buyer_maker":false,"price":1.508,"quantity":66.4,"timestamp":1772552881966},{"is_buyer_maker":true,"price":1.507,"quantity":34.3,"timestamp":1772552881995},{"is_buyer_maker":true,"price":1.507,"quantity":15.7,"timestamp":1772552882520},{"is_buyer_maker":true,"price":1.507,"quantity":11.0,"timestamp":1772552882720},{"is_buyer_maker":false,"price":1.508,"quantity":530.3,"timestamp":1772552883444},{"is_buyer_maker":false,"price":1.508,"quantity":2.8,"timestamp":1772552884951},{"is_buyer_maker":false,"price":1.508,"quantity":645.9,"timestamp":1772552885472},{"is_buyer_maker":true,"price":1.507,"quantity":618.3,"timestamp":1772552885993},{"is_buyer_maker":false,"price":1.507,"quantity":76.6,"timestamp":1772552886068},{"is_buyer_maker":false,"price":1.508,"quantity":2106.9,"timestamp":1772552886068},{"is_buyer_maker":false,"price":1.507,"quantity":76.6,"timestamp":1772552886068},{"is_buyer_maker":false,"price":1.508,"quantity":2106.9,"timestamp":1772552886068},{"is_buyer_maker":false,"price":1.507,"quantity":76.6,"timestamp":1772552886068},{"is_buyer_maker":false,"price":1.508,"quantity":2106.9,"timestamp":1772552886068},{"is_buyer_maker":false,"price":1.507,"quantity":76.6,"timestamp":1772552886068},{"is_buyer_maker":false,"price":1.508,"quantity":2106.9,"timestamp":1772552886068},{"is_buyer_maker":false,"price":1.507,"quantity":76.6,"timestamp":1772552886068},{"is_buyer_maker":false,"price":1.508,"quantity":2106.9,"timestamp":1772552886068},{"is_buyer_maker":false,"price":1.507,"quantity":76.6,"timestamp":1772552886068},{"is_buyer_maker":false,"price":1.508,"quantity":2106.9,"timestamp":1772552886068},{"is_buyer_maker":false,"price":1.507,"quantity":76.6,"timestamp":1772552886068},{"is_buyer_maker":false,"price":1.508,"quantity":2106.9,"timestamp":1772552886068},{"is_buyer_maker":false,"price":1.507,"quantity":76.6,"timestamp":1772552886068},{"is_buyer_maker":false,"price":1.508,"quantity":2106.9,"timestamp":1772552886068},{"is_buyer_maker":false,"price":1.507,"quantity":76.6,"timestamp":1772552886068},{"is_buyer_maker":false,"price":1.508,"quantity":2106.9,"timestamp":1772552886068},{"is_buyer_maker":false,"price":1.507,"quantity":76.6,"timestamp":1772552886068},{"is_buyer_maker":false,"price":1.508,"quantity":2106.9,"timestamp":1772552886068},{"is_buyer_maker":false,"price":1.507,"quantity":76.6,"timestamp":1772552886068},{"is_buyer_maker":false,"price":1.508,"quantity":2106.9,"timestamp":1772552886068},{"is_buyer_maker":true,"price":1.507,"quantity":1373.3,"timestamp":1772552886457},{"is_buyer_maker":false,"price":1.507,"quantity":3675.2,"timestamp":1772552886563},{"is_buyer_maker":true,"price":1.507,"quantity":939.3,"timestamp":1772552886789},{"is_buyer_maker":false,"price":1.508,"quantity":21.3,"timestamp":1772552888494},{"is_buyer_maker":true,"price":1.507,"quantity":422.2,"timestamp":1772552889244},{"is_buyer_maker":true,"price":1.506,"quantity":783.0,"timestamp":1772552889667},{"is_buyer_maker":false,"price":1.507,"quantity":8.0,"timestamp":1772552889858},{"is_buyer_maker":false,"price":1.507,"quantity":35.6,"timestamp":1772552892778},{"is_buyer_maker":false,"price":1.507,"quantity":1.7,"timestamp":1772552893498},{"is_buyer_maker":false,"price":1.507,"quantity":1.5,"timestamp":1772552893907},{"is_buyer_maker":false,"price":1.507,"quantity":4.5,"timestamp":1772552894110},{"is_buyer_maker":false,"price":1.507,"quantity":1.5,"timestamp":1772552894959},{"is_buyer_maker":false,"price":1.507,"quantity":11.6,"timestamp":1772552895466},{"is_buyer_maker":false,"price":1.507,"quantity":398.1,"timestamp":1772552898049},{"is_buyer_maker":false,"price":1.507,"quantity":1.6,"timestamp":1772552898180},{"is_buyer_maker":true,"price":1.506,"quantity":8336.0,"timestamp":1772552899009},{"is_buyer_maker":false,"price":1.506,"quantity":1.4,"timestamp":1772552900808},{"is_buyer_maker":false,"price":1.506,"quantity":38.7,"timestamp":1772552901244},{"is_buyer_maker":false,"price":1.506,"quantity":624.6,"timestamp":1772552901763},{"is_buyer_maker":true,"price":1.506,"quantity":324.8,"timestamp":1772552903140},{"is_buyer_maker":false,"price":1.506,"quantity":4.3,"timestamp":1772552903411},{"is_buyer_maker":true,"price":1.505,"quantity":9.9,"timestamp":1772552903453},{"is_buyer_maker":false,"price":1.506,"quantity":61.2,"timestamp":1772552904243},{"is_buyer_maker":false,"price":1.506,"quantity":180.7,"timestamp":1772552904400},{"is_buyer_maker":false,"price":1.507,"quantity":17.8,"timestamp":1772552904400},{"is_buyer_maker":false,"price":1.506,"quantity":180.7,"timestamp":1772552904400},{"is_buyer_maker":false,"price":1.507,"quantity":17.8,"timestamp":1772552904400},{"is_buyer_maker":false,"price":1.506,"quantity":180.7,"timestamp":1772552904400},{"is_buyer_maker":false,"price":1.507,"quantity":17.8,"timestamp":1772552904400},{"is_buyer_maker":false,"price":1.506,"quantity":180.7,"timestamp":1772552904400},{"is_buyer_maker":false,"price":1.507,"quantity":17.8,"timestamp":1772552904400},{"is_buyer_maker":false,"price":1.506,"quantity":180.7,"timestamp":1772552904400},{"is_buyer_maker":false,"price":1.507,"quantity":17.8,"timestamp":1772552904400},{"is_buyer_maker":false,"price":1.506,"quantity":180.7,"timestamp":1772552904400},{"is_buyer_maker":false,"price":1.507,"quantity":17.8,"timestamp":1772552904400},{"is_buyer_maker":false,"price":1.506,"quantity":180.7,"timestamp":1772552904400},{"is_buyer_maker":false,"price":1.507,"quantity":17.8,"timestamp":1772552904400},{"is_buyer_maker":false,"price":1.506,"quantity":180.7,"timestamp":1772552904400},{"is_buyer_maker":false,"price":1.507,"quantity":17.8,"timestamp":1772552904400},{"is_buyer_maker":false,"price":1.506,"quantity":180.7,"timestamp":1772552904400},{"is_buyer_maker":false,"price":1.507,"quantity":17.8,"timestamp":1772552904400},{"is_buyer_maker":false,"price":1.506,"quantity":180.7,"timestamp":1772552904400},{"is_buyer_maker":false,"price":1.507,"quantity":17.8,"timestamp":1772552904400},{"is_buyer_maker":false,"price":1.506,"quantity":180.7,"timestamp":1772552904400},{"is_buyer_maker":false,"price":1.507,"quantity":17.8,"timestamp":1772552904400},{"is_buyer_maker":false,"price":1.507,"quantity":1906.0,"timestamp":1772552906100},{"is_buyer_maker":false,"price":1.507,"quantity":2.0,"timestamp":1772552907734},{"is_buyer_maker":true,"price":1.506,"quantity":67.6,"timestamp":1772552908541},{"is_buyer_maker":false,"price":1.507,"quantity":506.2,"timestamp":1772552909119},{"is_buyer_maker":false,"price":1.507,"quantity":60.0,"timestamp":1772552910216},{"is_buyer_maker":true,"price":1.506,"quantity":232.1,"timestamp":1772552910225},{"is_buyer_maker":false,"price":1.507,"quantity":108.9,"timestamp":1772552910656},{"is_buyer_maker":true,"price":1.506,"quantity":232.3,"timestamp":1772552913727},{"is_buyer_maker":true,"price":1.506,"quantity":9.9,"timestamp":1772552917161},{"is_buyer_maker":false,"price":1.507,"quantity":2345.4,"timestamp":1772552919010},{"is_buyer_maker":false,"price":1.508,"quantity":60.0,"timestamp":1772552919026},{"is_buyer_maker":false,"price":1.508,"quantity":2.4,"timestamp":1772552919256},{"is_buyer_maker":false,"price":1.508,"quantity":4.4,"timestamp":1772552919616},{"is_buyer_maker":false,"price":1.508,"quantity":1000.0,"timestamp":1772552920261},{"is_buyer_maker":false,"price":1.508,"quantity":9686.7,"timestamp":1772552921632},{"is_buyer_maker":true,"price":1.508,"quantity":2805.5,"timestamp":1772552924281},{"is_buyer_maker":true,"price":1.507,"quantity":18948.7,"timestamp":1772552924282},{"is_buyer_maker":true,"price":1.508,"quantity":4.0,"timestamp":1772552924283},{"is_buyer_maker":true,"price":1.507,"quantity":3683.9,"timestamp":1772552924284},{"is_buyer_maker":true,"price":1.506,"quantity":26.4,"timestamp":1772552924287},{"is_buyer_maker":true,"price":1.507,"quantity":4890.9,"timestamp":1772552924289},{"is_buyer_maker":false,"price":1.507,"quantity":4260.2,"timestamp":1772552924293},{"is_buyer_maker":false,"price":1.507,"quantity":1662.3,"timestamp":1772552924801},{"is_buyer_maker":true,"price":1.507,"quantity":552.3,"timestamp":1772552927410},{"is_buyer_maker":true,"price":1.506,"quantity":9.9,"timestamp":1772552929308},{"is_buyer_maker":false,"price":1.507,"quantity":73.7,"timestamp":1772552930821},{"is_buyer_maker":true,"price":1.506,"quantity":16.1,"timestamp":1772552932927},{"is_buyer_maker":true,"price":1.506,"quantity":3.6,"timestamp":1772552933385},{"is_buyer_maker":true,"price":1.506,"quantity":1522.2,"timestamp":1772552933933},{"is_buyer_maker":true,"price":1.505,"quantity":1204.8,"timestamp":1772552937571},{"is_buyer_maker":false,"price":1.506,"quantity":117.6,"timestamp":1772552939166},{"is_buyer_maker":true,"price":1.505,"quantity":3.7,"timestamp":1772552941112},{"is_buyer_maker":false,"price":1.506,"quantity":25.9,"timestamp":1772552941377},{"is_buyer_maker":false,"price":1.506,"quantity":5.2,"timestamp":1772552941550},{"is_buyer_maker":true,"price":1.505,"quantity":32.8,"timestamp":1772552941685},{"is_buyer_maker":true,"price":1.505,"quantity":1379.6,"timestamp":1772552942434},{"is_buyer_maker":false,"price":1.505,"quantity":6.8,"timestamp":1772552943631},{"is_buyer_maker":false,"price":1.505,"quantity":4.4,"timestamp":1772552945113},{"is_buyer_maker":false,"price":1.505,"quantity":1000.0,"timestamp":1772552946136},{"is_buyer_maker":false,"price":1.505,"quantity":2964.3,"timestamp":1772552947270},{"is_buyer_maker":true,"price":1.504,"quantity":257.4,"timestamp":1772552949163},{"is_buyer_maker":false,"price":1.504,"quantity":1003.0,"timestamp":1772552950476},{"is_buyer_maker":true,"price":1.504,"quantity":911.9,"timestamp":1772552950582},{"is_buyer_maker":true,"price":1.504,"quantity":10.5,"timestamp":1772552951449},{"is_buyer_maker":false,"price":1.504,"quantity":0.7,"timestamp":1772552951816},{"is_buyer_maker":false,"price":1.504,"quantity":4.0,"timestamp":1772552953179},{"is_buyer_maker":true,"price":1.503,"quantity":12.9,"timestamp":1772552953284},{"is_buyer_maker":false,"price":1.504,"quantity":60.8,"timestamp":1772552954370},{"is_buyer_maker":false,"price":1.504,"quantity":99.7,"timestamp":1772552956322},{"is_buyer_maker":false,"price":1.504,"quantity":60.0,"timestamp":1772552957898},{"is_buyer_maker":false,"price":1.504,"quantity":3.0,"timestamp":1772552958654},{"is_buyer_maker":false,"price":1.504,"quantity":5609.2,"timestamp":1772552958802},{"is_buyer_maker":true,"price":1.504,"quantity":3.8,"timestamp":1772552959358},{"is_buyer_maker":false,"price":1.505,"quantity":8.3,"timestamp":1772552959852},{"is_buyer_maker":false,"price":1.505,"quantity":9.2,"timestamp":1772552960028},{"is_buyer_maker":true,"price":1.504,"quantity":38.7,"timestamp":1772552960816},{"is_buyer_maker":false,"price":1.504,"quantity":5.6,"timestamp":1772552961338},{"is_buyer_maker":true,"price":1.503,"quantity":3.6,"timestamp":1772552961414},{"is_buyer_maker":false,"price":1.504,"quantity":1414.2,"timestamp":1772552961529},{"is_buyer_maker":true,"price":1.504,"quantity":26.1,"timestamp":1772552961585},{"is_buyer_maker":true,"price":1.504,"quantity":19.9,"timestamp":1772552961929},{"is_buyer_maker":false,"price":1.504,"quantity":1152.9,"timestamp":1772552962677},{"is_buyer_maker":false,"price":1.505,"quantity":9.0,"timestamp":1772552964781},{"is_buyer_maker":false,"price":1.505,"quantity":761.2,"timestamp":1772552965847},{"is_buyer_maker":true,"price":1.505,"quantity":3556.0,"timestamp":1772552965930},{"is_buyer_maker":false,"price":1.505,"quantity":862.2,"timestamp":1772552966225},{"is_buyer_maker":false,"price":1.505,"quantity":2.2,"timestamp":1772552966695},{"is_buyer_maker":false,"price":1.505,"quantity":95.7,"timestamp":1772552967077},{"is_buyer_maker":true,"price":1.504,"quantity":3.5,"timestamp":1772552969594},{"is_buyer_maker":false,"price":1.505,"quantity":1.3,"timestamp":1772552969678},{"is_buyer_maker":true,"price":1.504,"quantity":683.5,"timestamp":1772552972003},{"is_buyer_maker":false,"price":1.504,"quantity":2651.6,"timestamp":1772552972425},{"is_buyer_maker":true,"price":1.504,"quantity":9.1,"timestamp":1772552973749},{"is_buyer_maker":true,"price":1.504,"quantity":3.8,"timestamp":1772552974179},{"is_buyer_maker":false,"price":1.505,"quantity":1.4,"timestamp":1772552975708},{"is_buyer_maker":true,"price":1.504,"quantity":68.5,"timestamp":1772552976009},{"is_buyer_maker":false,"price":1.505,"quantity":48.0,"timestamp":1772552977063},{"is_buyer_maker":true,"price":1.504,"quantity":51.2,"timestamp":1772552977355},{"is_buyer_maker":true,"price":1.504,"quantity":8.0,"timestamp":1772552978296},{"is_buyer_maker":false,"price":1.505,"quantity":565.3,"timestamp":1772552978848},{"is_buyer_maker":false,"price":1.506,"quantity":55.2,"timestamp":1772552979397},{"is_buyer_maker":true,"price":1.505,"quantity":67.6,"timestamp":1772552979706},{"is_buyer_maker":false,"price":1.506,"quantity":1.2,"timestamp":1772552979706},{"is_buyer_maker":true,"price":1.505,"quantity":67.6,"timestamp":1772552979706},{"is_buyer_maker":false,"price":1.506,"quantity":1.2,"timestamp":1772552979706},{"is_buyer_maker":true,"price":1.505,"quantity":67.6,"timestamp":1772552979706},{"is_buyer_maker":false,"price":1.506,"quantity":1.2,"timestamp":1772552979706},{"is_buyer_maker":true,"price":1.505,"quantity":67.6,"timestamp":1772552979706},{"is_buyer_maker":false,"price":1.506,"quantity":1.2,"timestamp":1772552979706},{"is_buyer_maker":true,"price":1.505,"quantity":67.6,"timestamp":1772552979706},{"is_buyer_maker":false,"price":1.506,"quantity":1.2,"timestamp":1772552979706},{"is_buyer_maker":true,"price":1.505,"quantity":67.6,"timestamp":1772552979706},{"is_buyer_maker":false,"price":1.506,"quantity":1.2,"timestamp":1772552979706},{"is_buyer_maker":true,"price":1.505,"quantity":67.6,"timestamp":1772552979706},{"is_buyer_maker":false,"price":1.506,"quantity":1.2,"timestamp":1772552979706},{"is_buyer_maker":true,"price":1.505,"quantity":67.6,"timestamp":1772552979706},{"is_buyer_maker":false,"price":1.506,"quantity":1.2,"timestamp":1772552979706},{"is_buyer_maker":true,"price":1.505,"quantity":152.8,"timestamp":1772552981231},{"is_buyer_maker":true,"price":1.505,"quantity":103.4,"timestamp":1772552982245},{"is_buyer_maker":false,"price":1.506,"quantity":5.2,"timestamp":1772552984180},{"is_buyer_maker":false,"price":1.506,"quantity":16.7,"timestamp":1772552984768},{"is_buyer_maker":true,"price":1.505,"quantity":3.6,"timestamp":1772552986074},{"is_buyer_maker":true,"price":1.505,"quantity":4.1,"timestamp":1772552986713},{"is_buyer_maker":false,"price":1.506,"quantity":332.0,"timestamp":1772552987180},{"is_buyer_maker":true,"price":1.505,"quantity":255.9,"timestamp":1772552988167},{"is_buyer_maker":true,"price":1.505,"quantity":3.4,"timestamp":1772552989356},{"is_buyer_maker":true,"price":1.505,"quantity":3.6,"timestamp":1772552989611},{"is_buyer_maker":false,"price":1.506,"quantity":9.1,"timestamp":1772552989867},{"is_buyer_maker":false,"price":1.506,"quantity":8.4,"timestamp":1772552990037},{"is_buyer_maker":false,"price":1.506,"quantity":2579.2,"timestamp":1772552991078},{"is_buyer_maker":false,"price":1.507,"quantity":120.0,"timestamp":1772552991105},{"is_buyer_maker":true,"price":1.506,"quantity":4.0,"timestamp":1772552995314},{"is_buyer_maker":false,"price":1.507,"quantity":9888.7,"timestamp":1772552996083},{"is_buyer_maker":false,"price":1.508,"quantity":6.7,"timestamp":1772552997665},{"is_buyer_maker":true,"price":1.507,"quantity":2447.4,"timestamp":1772553000545},{"is_buyer_maker":false,"price":1.507,"quantity":20.9,"timestamp":1772553001128},{"is_buyer_maker":true,"price":1.506,"quantity":20.4,"timestamp":1772553001690},{"is_buyer_maker":true,"price":1.506,"quantity":10.5,"timestamp":1772553002015},{"is_buyer_maker":true,"price":1.506,"quantity":820.0,"timestamp":1772553002553},{"is_buyer_maker":false,"price":1.506,"quantity":9.2,"timestamp":1772553002700},{"is_buyer_maker":false,"price":1.506,"quantity":60.0,"timestamp":1772553004616},{"is_buyer_maker":false,"price":1.506,"quantity":450.5,"timestamp":1772553005604},{"is_buyer_maker":true,"price":1.506,"quantity":40.2,"timestamp":1772553006048},{"is_buyer_maker":true,"price":1.505,"quantity":2312.9,"timestamp":1772553007350},{"is_buyer_maker":false,"price":1.506,"quantity":18.9,"timestamp":1772553007478},{"is_buyer_maker":false,"price":1.506,"quantity":73.7,"timestamp":1772553009987},{"is_buyer_maker":true,"price":1.505,"quantity":543.9,"timestamp":1772553012935},{"is_buyer_maker":true,"price":1.504,"quantity":291.6,"timestamp":1772553014202},{"is_buyer_maker":false,"price":1.504,"quantity":4.2,"timestamp":1772553014635},{"is_buyer_maker":true,"price":1.503,"quantity":4.8,"timestamp":1772553016249},{"is_buyer_maker":true,"price":1.503,"quantity":18.8,"timestamp":1772553016655},{"is_buyer_maker":true,"price":1.503,"quantity":2099.1,"timestamp":1772553017440},{"is_buyer_maker":false,"price":1.503,"quantity":12979.7,"timestamp":1772553017932},{"is_buyer_maker":false,"price":1.503,"quantity":4.0,"timestamp":1772553018035},{"is_buyer_maker":false,"price":1.503,"quantity":3.0,"timestamp":1772553019103},{"is_buyer_maker":false,"price":1.503,"quantity":271.2,"timestamp":1772553019770},{"is_buyer_maker":true,"price":1.502,"quantity":15.5,"timestamp":1772553020061},{"is_buyer_maker":false,"price":1.503,"quantity":38.5,"timestamp":1772553020610},{"is_buyer_maker":false,"price":1.503,"quantity":8.7,"timestamp":1772553020903},{"is_buyer_maker":false,"price":1.503,"quantity":338.4,"timestamp":1772553021134},{"is_buyer_maker":true,"price":1.502,"quantity":88.1,"timestamp":1772553021475},{"is_buyer_maker":false,"price":1.502,"quantity":2.7,"timestamp":1772553021788},{"is_buyer_maker":true,"price":1.501,"quantity":3.8,"timestamp":1772553023426},{"is_buyer_maker":false,"price":1.502,"quantity":435.4,"timestamp":1772553023970},{"is_buyer_maker":true,"price":1.501,"quantity":3.8,"timestamp":1772553024504},{"is_buyer_maker":true,"price":1.501,"quantity":4.7,"timestamp":1772553025335},{"is_buyer_maker":true,"price":1.501,"quantity":7.4,"timestamp":1772553025535},{"is_buyer_maker":false,"price":1.502,"quantity":64.1,"timestamp":1772553025675},{"is_buyer_maker":true,"price":1.501,"quantity":3.8,"timestamp":1772553025701},{"is_buyer_maker":false,"price":1.502,"quantity":60.0,"timestamp":1772553026200},{"is_buyer_maker":false,"price":1.502,"quantity":2275.2,"timestamp":1772553026446},{"is_buyer_maker":true,"price":1.501,"quantity":50.7,"timestamp":1772553027060},{"is_buyer_maker":true,"price":1.501,"quantity":9.3,"timestamp":1772553028536},{"is_buyer_maker":true,"price":1.501,"quantity":71.9,"timestamp":1772553029320},{"is_buyer_maker":false,"price":1.502,"quantity":3.6,"timestamp":1772553029638},{"is_buyer_maker":true,"price":1.501,"quantity":3.8,"timestamp":1772553029685},{"is_buyer_maker":true,"price":1.501,"quantity":15.8,"timestamp":1772553029867},{"is_buyer_maker":false,"price":1.502,"quantity":5.3,"timestamp":1772553030032},{"is_buyer_maker":false,"price":1.502,"quantity":1352.4,"timestamp":1772553030685},{"is_buyer_maker":true,"price":1.502,"quantity":3.8,"timestamp":1772553030709},{"is_buyer_maker":true,"price":1.502,"quantity":35.5,"timestamp":1772553031797},{"is_buyer_maker":false,"price":1.502,"quantity":794.9,"timestamp":1772553031862},{"is_buyer_maker":true,"price":1.501,"quantity":3.8,"timestamp":1772553033777},{"is_buyer_maker":false,"price":1.502,"quantity":663.2,"timestamp":1772553036239},{"is_buyer_maker":false,"price":1.503,"quantity":4.8,"timestamp":1772553036537},{"is_buyer_maker":false,"price":1.503,"quantity":5.6,"timestamp":1772553037148},{"is_buyer_maker":false,"price":1.503,"quantity":940.3,"timestamp":1772553038986},{"is_buyer_maker":false,"price":1.503,"quantity":2.3,"timestamp":1772553040636},{"is_buyer_maker":false,"price":1.503,"quantity":587.9,"timestamp":1772553040896},{"is_buyer_maker":true,"price":1.502,"quantity":24.5,"timestamp":1772553041133},{"is_buyer_maker":false,"price":1.503,"quantity":26.7,"timestamp":1772553042153},{"is_buyer_maker":false,"price":1.503,"quantity":3743.2,"timestamp":1772553042420},{"is_buyer_maker":false,"price":1.504,"quantity":5.2,"timestamp":1772553043057},{"is_buyer_maker":true,"price":1.503,"quantity":12.7,"timestamp":1772553043284},{"is_buyer_maker":false,"price":1.503,"quantity":3.9,"timestamp":1772553044614},{"is_buyer_maker":false,"price":1.503,"quantity":1.3,"timestamp":1772553049076},{"is_buyer_maker":false,"price":1.503,"quantity":1674.4,"timestamp":1772553049436},{"is_buyer_maker":true,"price":1.503,"quantity":134.8,"timestamp":1772553053186},{"is_buyer_maker":true,"price":1.503,"quantity":4.0,"timestamp":1772553058021},{"is_buyer_maker":false,"price":1.504,"quantity":8.5,"timestamp":1772553058166},{"is_buyer_maker":false,"price":1.504,"quantity":1955.6,"timestamp":1772553058562},{"is_buyer_maker":true,"price":1.504,"quantity":43.4,"timestamp":1772553060020},{"is_buyer_maker":true,"price":1.503,"quantity":930.8,"timestamp":1772553060759},{"is_buyer_maker":false,"price":1.504,"quantity":73.8,"timestamp":1772553060858},{"is_buyer_maker":true,"price":1.503,"quantity":333.2,"timestamp":1772553061153},{"is_buyer_maker":false,"price":1.503,"quantity":7.4,"timestamp":1772553061210},{"is_buyer_maker":true,"price":1.502,"quantity":6.8,"timestamp":1772553061507},{"is_buyer_maker":true,"price":1.502,"quantity":25.6,"timestamp":1772553061820},{"is_buyer_maker":false,"price":1.503,"quantity":1.3,"timestamp":1772553062728},{"is_buyer_maker":false,"price":1.503,"quantity":281.9,"timestamp":1772553063672},{"is_buyer_maker":true,"price":1.503,"quantity":16.8,"timestamp":1772553066813},{"is_buyer_maker":false,"price":1.504,"quantity":322.0,"timestamp":1772553067602},{"is_buyer_maker":false,"price":1.505,"quantity":2.1,"timestamp":1772553067770},{"is_buyer_maker":true,"price":1.504,"quantity":46.0,"timestamp":1772553068001},{"is_buyer_maker":true,"price":1.504,"quantity":1139.4,"timestamp":1772553069697},{"is_buyer_maker":false,"price":1.504,"quantity":10.7,"timestamp":1772553069709},{"is_buyer_maker":false,"price":1.504,"quantity":7.1,"timestamp":1772553070115},{"is_buyer_maker":false,"price":1.504,"quantity":14.2,"timestamp":1772553070591},{"is_buyer_maker":false,"price":1.504,"quantity":2.1,"timestamp":1772553071915},{"is_buyer_maker":false,"price":1.504,"quantity":0.4,"timestamp":1772553072302},{"is_buyer_maker":false,"price":1.504,"quantity":1.3,"timestamp":1772553074123},{"is_buyer_maker":true,"price":1.503,"quantity":10.4,"timestamp":1772553074812},{"is_buyer_maker":false,"price":1.504,"quantity":57.7,"timestamp":1772553076620},{"is_buyer_maker":false,"price":1.505,"quantity":8.8,"timestamp":1772553078018},{"is_buyer_maker":false,"price":1.505,"quantity":3.8,"timestamp":1772553079334},{"is_buyer_maker":true,"price":1.504,"quantity":1112.4,"timestamp":1772553079469},{"is_buyer_maker":false,"price":1.505,"quantity":0.8,"timestamp":1772553079644},{"is_buyer_maker":true,"price":1.504,"quantity":837.1,"timestamp":1772553079784},{"is_buyer_maker":false,"price":1.504,"quantity":4.3,"timestamp":1772553079831},{"is_buyer_maker":false,"price":1.504,"quantity":5.3,"timestamp":1772553080382},{"is_buyer_maker":false,"price":1.504,"quantity":243.7,"timestamp":1772553081053},{"is_buyer_maker":false,"price":1.505,"quantity":13.4,"timestamp":1772553081626},{"is_buyer_maker":false,"price":1.505,"quantity":0.6,"timestamp":1772553082249},{"is_buyer_maker":true,"price":1.504,"quantity":893.5,"timestamp":1772553082550},{"is_buyer_maker":false,"price":1.504,"quantity":1.3,"timestamp":1772553083181},{"is_buyer_maker":true,"price":1.503,"quantity":140.8,"timestamp":1772553084185},{"is_buyer_maker":false,"price":1.504,"quantity":3.5,"timestamp":1772553085519},{"is_buyer_maker":true,"price":1.503,"quantity":1782.7,"timestamp":1772553085820},{"is_buyer_maker":false,"price":1.503,"quantity":31.2,"timestamp":1772553086211},{"is_buyer_maker":false,"price":1.503,"quantity":5.7,"timestamp":1772553086317},{"is_buyer_maker":false,"price":1.503,"quantity":709.4,"timestamp":1772553086649},{"is_buyer_maker":false,"price":1.503,"quantity":175.7,"timestamp":1772553086788},{"is_buyer_maker":true,"price":1.503,"quantity":6.6,"timestamp":1772553087183},{"is_buyer_maker":false,"price":1.503,"quantity":1.8,"timestamp":1772553087189},{"is_buyer_maker":false,"price":1.503,"quantity":1.3,"timestamp":1772553088676},{"is_buyer_maker":false,"price":1.503,"quantity":2.1,"timestamp":1772553090176},{"is_buyer_maker":true,"price":1.502,"quantity":1421.1,"timestamp":1772553092130},{"is_buyer_maker":true,"price":1.502,"quantity":137.8,"timestamp":1772553092766},{"is_buyer_maker":false,"price":1.503,"quantity":4630.7,"timestamp":1772553093910},{"is_buyer_maker":true,"price":1.503,"quantity":94.4,"timestamp":1772553095374},{"is_buyer_maker":false,"price":1.503,"quantity":1.5,"timestamp":1772553096214},{"is_buyer_maker":true,"price":1.502,"quantity":33.1,"timestamp":1772553096395},{"is_buyer_maker":false,"price":1.503,"quantity":2.2,"timestamp":1772553097341},{"is_buyer_maker":false,"price":1.503,"quantity":72.3,"timestamp":1772553097955},{"is_buyer_maker":false,"price":1.503,"quantity":42.7,"timestamp":1772553098092},{"is_buyer_maker":true,"price":1.503,"quantity":68.5,"timestamp":1772553098129},{"is_buyer_maker":true,"price":1.503,"quantity":152.8,"timestamp":1772553099185},{"is_buyer_maker":true,"price":1.503,"quantity":67.6,"timestamp":1772553099542},{"is_buyer_maker":false,"price":1.504,"quantity":24.1,"timestamp":1772553100882},{"is_buyer_maker":false,"price":1.504,"quantity":1.1,"timestamp":1772553101081},{"is_buyer_maker":true,"price":1.503,"quantity":994.0,"timestamp":1772553105287},{"is_buyer_maker":false,"price":1.504,"quantity":910.7,"timestamp":1772553107827},{"is_buyer_maker":true,"price":1.504,"quantity":28.4,"timestamp":1772553109661},{"is_buyer_maker":true,"price":1.504,"quantity":409.8,"timestamp":1772553109818},{"is_buyer_maker":false,"price":1.505,"quantity":3.1,"timestamp":1772553109863},{"is_buyer_maker":true,"price":1.504,"quantity":516.6,"timestamp":1772553110345},{"is_buyer_maker":false,"price":1.504,"quantity":50.3,"timestamp":1772553111056},{"is_buyer_maker":false,"price":1.504,"quantity":10.6,"timestamp":1772553111438},{"is_buyer_maker":true,"price":1.504,"quantity":27.4,"timestamp":1772553112241},{"is_buyer_maker":true,"price":1.504,"quantity":14.2,"timestamp":1772553112470},{"is_buyer_maker":false,"price":1.504,"quantity":16.1,"timestamp":1772553113207},{"is_buyer_maker":false,"price":1.505,"quantity":1.4,"timestamp":1772553113467},{"is_buyer_maker":true,"price":1.504,"quantity":10.4,"timestamp":1772553113884},{"is_buyer_maker":false,"price":1.504,"quantity":10.1,"timestamp":1772553114465},{"is_buyer_maker":false,"price":1.505,"quantity":0.4,"timestamp":1772553114939},{"is_buyer_maker":false,"price":1.505,"quantity":0.2,"timestamp":1772553117065},{"is_buyer_maker":false,"price":1.505,"quantity":47.8,"timestamp":1772553117777},{"is_buyer_maker":false,"price":1.505,"quantity":536.2,"timestamp":1772553119993},{"is_buyer_maker":true,"price":1.504,"quantity":82.7,"timestamp":1772553120263},{"is_buyer_maker":false,"price":1.505,"quantity":10.0,"timestamp":1772553121106},{"is_buyer_maker":true,"price":1.504,"quantity":184.2,"timestamp":1772553121976},{"is_buyer_maker":true,"price":1.503,"quantity":31.5,"timestamp":1772553122093},{"is_buyer_maker":false,"price":1.504,"quantity":2032.9,"timestamp":1772553123840},{"is_buyer_maker":false,"price":1.505,"quantity":6919.6,"timestamp":1772553125507},{"is_buyer_maker":true,"price":1.505,"quantity":11.6,"timestamp":1772553126067},{"is_buyer_maker":false,"price":1.505,"quantity":3.7,"timestamp":1772553126215},{"is_buyer_maker":false,"price":1.505,"quantity":234.3,"timestamp":1772553127514},{"is_buyer_maker":false,"price":1.506,"quantity":20182.6,"timestamp":1772553129502},{"is_buyer_maker":true,"price":1.506,"quantity":68.0,"timestamp":1772553131157},{"is_buyer_maker":true,"price":1.506,"quantity":520.0,"timestamp":1772553131868},{"is_buyer_maker":true,"price":1.506,"quantity":181.0,"timestamp":1772553133012},{"is_buyer_maker":false,"price":1.506,"quantity":2228.5,"timestamp":1772553134166},{"is_buyer_maker":false,"price":1.507,"quantity":2.5,"timestamp":1772553135093},{"is_buyer_maker":true,"price":1.506,"quantity":225.9,"timestamp":1772553135334},{"is_buyer_maker":false,"price":1.507,"quantity":1.9,"timestamp":1772553135631},{"is_buyer_maker":false,"price":1.507,"quantity":3.2,"timestamp":1772553136102},{"is_buyer_maker":true,"price":1.506,"quantity":338.4,"timestamp":1772553137680},{"is_buyer_maker":false,"price":1.507,"quantity":1.3,"timestamp":1772553138887},{"is_buyer_maker":false,"price":1.507,"quantity":60.0,"timestamp":1772553139048},{"is_buyer_maker":false,"price":1.507,"quantity":0.9,"timestamp":1772553139632},{"is_buyer_maker":false,"price":1.507,"quantity":1.5,"timestamp":1772553140095},{"is_buyer_maker":false,"price":1.507,"quantity":4.3,"timestamp":1772553142725},{"is_buyer_maker":false,"price":1.507,"quantity":1.3,"timestamp":1772553142886},{"is_buyer_maker":true,"price":1.506,"quantity":1324.2,"timestamp":1772553144376},{"is_buyer_maker":false,"price":1.506,"quantity":1213.7,"timestamp":1772553144518},{"is_buyer_maker":false,"price":1.506,"quantity":4.2,"timestamp":1772553144794},{"is_buyer_maker":true,"price":1.505,"quantity":7.2,"timestamp":1772553144993},{"is_buyer_maker":false,"price":1.506,"quantity":0.9,"timestamp":1772553145811},{"is_buyer_maker":false,"price":1.506,"quantity":10.1,"timestamp":1772553148027},{"is_buyer_maker":false,"price":1.506,"quantity":2.1,"timestamp":1772553148322},{"is_buyer_maker":true,"price":1.505,"quantity":10.0,"timestamp":1772553148733},{"is_buyer_maker":true,"price":1.505,"quantity":267.4,"timestamp":1772553149359},{"is_buyer_maker":true,"price":1.505,"quantity":6.8,"timestamp":1772553149930},{"is_buyer_maker":false,"price":1.506,"quantity":0.6,"timestamp":1772553150321},{"is_buyer_maker":false,"price":1.506,"quantity":0.8,"timestamp":1772553151769},{"is_buyer_maker":true,"price":1.505,"quantity":3.2,"timestamp":1772553154433},{"is_buyer_maker":false,"price":1.506,"quantity":1253.1,"timestamp":1772553154630},{"is_buyer_maker":true,"price":1.506,"quantity":10.4,"timestamp":1772553155417},{"is_buyer_maker":false,"price":1.506,"quantity":0.9,"timestamp":1772553158230},{"is_buyer_maker":false,"price":1.506,"quantity":60.0,"timestamp":1772553160464},{"is_buyer_maker":false,"price":1.506,"quantity":174.6,"timestamp":1772553160623},{"is_buyer_maker":false,"price":1.506,"quantity":0.6,"timestamp":1772553161730},{"is_buyer_maker":true,"price":1.505,"quantity":102.9,"timestamp":1772553163455},{"is_buyer_maker":false,"price":1.506,"quantity":1.0,"timestamp":1772553164951},{"is_buyer_maker":false,"price":1.506,"quantity":12.7,"timestamp":1772553168890},{"is_buyer_maker":true,"price":1.505,"quantity":7.1,"timestamp":1772553169997},{"is_buyer_maker":false,"price":1.506,"quantity":0.3,"timestamp":1772553170543},{"is_buyer_maker":true,"price":1.505,"quantity":419.5,"timestamp":1772553171489},{"is_buyer_maker":true,"price":1.504,"quantity":3.4,"timestamp":1772553172619},{"is_buyer_maker":false,"price":1.505,"quantity":2.2,"timestamp":1772553174135},{"is_buyer_maker":false,"price":1.505,"quantity":900.0,"timestamp":1772553175239},{"is_buyer_maker":true,"price":1.505,"quantity":95.0,"timestamp":1772553177679},{"is_buyer_maker":false,"price":1.505,"quantity":33.2,"timestamp":1772553179520},{"is_buyer_maker":false,"price":1.505,"quantity":1.0,"timestamp":1772553180043},{"is_buyer_maker":false,"price":1.505,"quantity":18.5,"timestamp":1772553181154},{"is_buyer_maker":false,"price":1.505,"quantity":1.3,"timestamp":1772553182142},{"is_buyer_maker":true,"price":1.504,"quantity":7.6,"timestamp":1772553182210},{"is_buyer_maker":true,"price":1.504,"quantity":19.9,"timestamp":1772553182413},{"is_buyer_maker":false,"price":1.505,"quantity":3.4,"timestamp":1772553182876},{"is_buyer_maker":false,"price":1.505,"quantity":0.8,"timestamp":1772553183062},{"is_buyer_maker":true,"price":1.504,"quantity":3069.0,"timestamp":1772553183810},{"is_buyer_maker":true,"price":1.504,"quantity":10.4,"timestamp":1772553183917},{"is_buyer_maker":false,"price":1.504,"quantity":60.0,"timestamp":1772553186740},{"is_buyer_maker":false,"price":1.504,"quantity":1596.3,"timestamp":1772553188972},{"is_buyer_maker":false,"price":1.505,"quantity":267.4,"timestamp":1772553189018},{"is_buyer_maker":false,"price":1.505,"quantity":0.3,"timestamp":1772553189368},{"is_buyer_maker":false,"price":1.505,"quantity":1.4,"timestamp":1772553190091},{"is_buyer_maker":false,"price":1.505,"quantity":10.2,"timestamp":1772553191418},{"is_buyer_maker":false,"price":1.505,"quantity":60.0,"timestamp":1772553191609},{"is_buyer_maker":true,"price":1.504,"quantity":152.8,"timestamp":1772553191866},{"is_buyer_maker":false,"price":1.505,"quantity":0.2,"timestamp":1772553192788},{"is_buyer_maker":true,"price":1.504,"quantity":40.7,"timestamp":1772553194378},{"is_buyer_maker":false,"price":1.504,"quantity":162.7,"timestamp":1772553194775},{"is_buyer_maker":false,"price":1.504,"quantity":0.3,"timestamp":1772553195768},{"is_buyer_maker":true,"price":1.503,"quantity":338.5,"timestamp":1772553198626},{"is_buyer_maker":false,"price":1.503,"quantity":59.7,"timestamp":1772553199963},{"is_buyer_maker":false,"price":1.503,"quantity":0.7,"timestamp":1772553200539},{"is_buyer_maker":false,"price":1.503,"quantity":0.4,"timestamp":1772553201112},{"is_buyer_maker":false,"price":1.503,"quantity":0.7,"timestamp":1772553202186},{"is_buyer_maker":false,"price":1.503,"quantity":192.4,"timestamp":1772553202841},{"is_buyer_maker":false,"price":1.504,"quantity":0.7,"timestamp":1772553203535},{"is_buyer_maker":true,"price":1.503,"quantity":5.3,"timestamp":1772553203554},{"is_buyer_maker":true,"price":1.503,"quantity":24.6,"timestamp":1772553204594},{"is_buyer_maker":false,"price":1.503,"quantity":0.2,"timestamp":1772553204722},{"is_buyer_maker":true,"price":1.502,"quantity":6.9,"timestamp":1772553205614},{"is_buyer_maker":false,"price":1.503,"quantity":1.5,"timestamp":1772553207687},{"is_buyer_maker":true,"price":1.502,"quantity":3072.5,"timestamp":1772553210449},{"is_buyer_maker":false,"price":1.502,"quantity":220.4,"timestamp":1772553210688},{"is_buyer_maker":false,"price":1.502,"quantity":1.3,"timestamp":1772553215619},{"is_buyer_maker":true,"price":1.501,"quantity":152.8,"timestamp":1772553216076},{"is_buyer_maker":false,"price":1.502,"quantity":0.7,"timestamp":1772553216705},{"is_buyer_maker":true,"price":1.501,"quantity":1040.0,"timestamp":1772553216970},{"is_buyer_maker":false,"price":1.501,"quantity":6.5,"timestamp":1772553217776},{"is_buyer_maker":true,"price":1.5,"quantity":6286.4,"timestamp":1772553219219},{"is_buyer_maker":true,"price":1.499,"quantity":1310.4,"timestamp":1772553219219},{"is_buyer_maker":true,"price":1.5,"quantity":924.6,"timestamp":1772553219223},{"is_buyer_maker":false,"price":1.5,"quantity":11486.9,"timestamp":1772553219286},{"is_buyer_maker":false,"price":1.5,"quantity":1830.3,"timestamp":1772553219419},{"is_buyer_maker":false,"price":1.5,"quantity":564.6,"timestamp":1772553220445},{"is_buyer_maker":false,"price":1.501,"quantity":9.1,"timestamp":1772553220826},{"is_buyer_maker":true,"price":1.5,"quantity":17.6,"timestamp":1772553221036},{"is_buyer_maker":false,"price":1.501,"quantity":27.4,"timestamp":1772553221374},{"is_buyer_maker":true,"price":1.5,"quantity":9.5,"timestamp":1772553222199},{"is_buyer_maker":false,"price":1.501,"quantity":23.4,"timestamp":1772553222446},{"is_buyer_maker":false,"price":1.501,"quantity":1.1,"timestamp":1772553222608},{"is_buyer_maker":false,"price":1.501,"quantity":2.1,"timestamp":1772553225162},{"is_buyer_maker":false,"price":1.501,"quantity":3558.0,"timestamp":1772553225382},{"is_buyer_maker":true,"price":1.501,"quantity":4.4,"timestamp":1772553226347},{"is_buyer_maker":false,"price":1.502,"quantity":0.9,"timestamp":1772553226611},{"is_buyer_maker":true,"price":1.501,"quantity":517.2,"timestamp":1772553226625},{"is_buyer_maker":false,"price":1.502,"quantity":6.5,"timestamp":1772553226962},{"is_buyer_maker":true,"price":1.501,"quantity":6.6,"timestamp":1772553227398},{"is_buyer_maker":false,"price":1.501,"quantity":1.3,"timestamp":1772553228562},{"is_buyer_maker":true,"price":1.5,"quantity":999.3,"timestamp":1772553228917},{"is_buyer_maker":false,"price":1.501,"quantity":0.7,"timestamp":1772553230438},{"is_buyer_maker":false,"price":1.501,"quantity":16.5,"timestamp":1772553231534},{"is_buyer_maker":true,"price":1.5,"quantity":169.2,"timestamp":1772553231641},{"is_buyer_maker":false,"price":1.5,"quantity":866.7,"timestamp":1772553231730},{"is_buyer_maker":false,"price":1.5,"quantity":1830.4,"timestamp":1772553232338}]}