{"exchange":"binance","symbol":"ADAUSDT","last_updated":1772553234754,"trades":[{"is_buyer_maker":true,"price":0.2643,"quantity":2520.0,"timestamp":1772552637559},{"is_buyer_maker":true,"price":0.2643,"quantity":2555.0,"timestamp":1772552637755},{"is_buyer_maker":true,"price":0.2643,"quantity":231.0,"timestamp":1772552637889},{"is_buyer_maker":true,"price":0.2643,"quantity":2131.0,"timestamp":1772552638047},{"is_buyer_maker":false,"price":0.2644,"quantity":4.0,"timestamp":1772552638276},{"is_buyer_maker":true,"price":0.2643,"quantity":1656.0,"timestamp":1772552638342},{"is_buyer_maker":false,"price":0.2644,"quantity":354.0,"timestamp":1772552638439},{"is_buyer_maker":true,"price":0.2643,"quantity":1816.0,"timestamp":1772552638519},{"is_buyer_maker":true,"price":0.2643,"quantity":6542.0,"timestamp":1772552638768},{"is_buyer_maker":true,"price":0.2643,"quantity":540.0,"timestamp":1772552639769},{"is_buyer_maker":true,"price":0.2643,"quantity":3020.0,"timestamp":1772552640617},{"is_buyer_maker":true,"price":0.2643,"quantity":4409.0,"timestamp":1772552640845},{"is_buyer_maker":true,"price":0.2642,"quantity":3857.0,"timestamp":1772552640986},{"is_buyer_maker":false,"price":0.2643,"quantity":354.0,"timestamp":1772552641000},{"is_buyer_maker":true,"price":0.2642,"quantity":76.0,"timestamp":1772552641573},{"is_buyer_maker":false,"price":0.2643,"quantity":784.0,"timestamp":1772552641764},{"is_buyer_maker":true,"price":0.2643,"quantity":2486.0,"timestamp":1772552641937},{"is_buyer_maker":true,"price":0.2643,"quantity":66.0,"timestamp":1772552642076},{"is_buyer_maker":true,"price":0.2643,"quantity":7728.0,"timestamp":1772552642247},{"is_buyer_maker":true,"price":0.2643,"quantity":10830.0,"timestamp":1772552642475},{"is_buyer_maker":false,"price":0.2643,"quantity":107.0,"timestamp":1772552642874},{"is_buyer_maker":true,"price":0.2642,"quantity":4107.0,"timestamp":1772552643166},{"is_buyer_maker":false,"price":0.2643,"quantity":67.0,"timestamp":1772552643209},{"is_buyer_maker":true,"price":0.2642,"quantity":4369.0,"timestamp":1772552643213},{"is_buyer_maker":false,"price":0.2643,"quantity":10314.0,"timestamp":1772552643737},{"is_buyer_maker":true,"price":0.2643,"quantity":36.0,"timestamp":1772552644488},{"is_buyer_maker":true,"price":0.2643,"quantity":70.0,"timestamp":1772552644885},{"is_buyer_maker":true,"price":0.2643,"quantity":66.0,"timestamp":1772552645100},{"is_buyer_maker":true,"price":0.2643,"quantity":332.0,"timestamp":1772552645242},{"is_buyer_maker":false,"price":0.2644,"quantity":3590.0,"timestamp":1772552645501},{"is_buyer_maker":false,"price":0.2645,"quantity":7836.0,"timestamp":1772552645545},{"is_buyer_maker":true,"price":0.2644,"quantity":85.0,"timestamp":1772552645569},{"is_buyer_maker":true,"price":0.2644,"quantity":761.0,"timestamp":1772552645733},{"is_buyer_maker":false,"price":0.2645,"quantity":159.0,"timestamp":1772552645754},{"is_buyer_maker":false,"price":0.2645,"quantity":149.0,"timestamp":1772552645877},{"is_buyer_maker":true,"price":0.2644,"quantity":22.0,"timestamp":1772552646085},{"is_buyer_maker":true,"price":0.2644,"quantity":20.0,"timestamp":1772552646264},{"is_buyer_maker":true,"price":0.2644,"quantity":3694.0,"timestamp":1772552646476},{"is_buyer_maker":true,"price":0.2644,"quantity":1216.0,"timestamp":1772552646777},{"is_buyer_maker":false,"price":0.2645,"quantity":151.0,"timestamp":1772552647563},{"is_buyer_maker":false,"price":0.2645,"quantity":7634.0,"timestamp":1772552647664},{"is_buyer_maker":true,"price":0.2644,"quantity":113.0,"timestamp":1772552647994},{"is_buyer_maker":false,"price":0.2645,"quantity":9.0,"timestamp":1772552648215},{"is_buyer_maker":false,"price":0.2645,"quantity":188.0,"timestamp":1772552649070},{"is_buyer_maker":false,"price":0.2645,"quantity":16.0,"timestamp":1772552650598},{"is_buyer_maker":true,"price":0.2644,"quantity":7371.0,"timestamp":1772552650637},{"is_buyer_maker":false,"price":0.2644,"quantity":2478.0,"timestamp":1772552651043},{"is_buyer_maker":true,"price":0.2643,"quantity":24.0,"timestamp":1772552651264},{"is_buyer_maker":false,"price":0.2644,"quantity":1.0,"timestamp":1772552651310},{"is_buyer_maker":false,"price":0.2644,"quantity":22.0,"timestamp":1772552651686},{"is_buyer_maker":true,"price":0.2643,"quantity":10342.0,"timestamp":1772552651870},{"is_buyer_maker":false,"price":0.2643,"quantity":355.0,"timestamp":1772552652883},{"is_buyer_maker":true,"price":0.2642,"quantity":2478.0,"timestamp":1772552653124},{"is_buyer_maker":true,"price":0.2642,"quantity":51703.0,"timestamp":1772552653506},{"is_buyer_maker":false,"price":0.2643,"quantity":24.0,"timestamp":1772552653637},{"is_buyer_maker":true,"price":0.2642,"quantity":16745.0,"timestamp":1772552654169},{"is_buyer_maker":true,"price":0.2642,"quantity":4701.0,"timestamp":1772552655689},{"is_buyer_maker":true,"price":0.2641,"quantity":26.0,"timestamp":1772552655845},{"is_buyer_maker":true,"price":0.2641,"quantity":31.0,"timestamp":1772552656136},{"is_buyer_maker":true,"price":0.2641,"quantity":2101.0,"timestamp":1772552657123},{"is_buyer_maker":true,"price":0.2641,"quantity":2238.0,"timestamp":1772552657266},{"is_buyer_maker":true,"price":0.2641,"quantity":86.0,"timestamp":1772552657660},{"is_buyer_maker":false,"price":0.2642,"quantity":24.0,"timestamp":1772552658078},{"is_buyer_maker":true,"price":0.2641,"quantity":7367.0,"timestamp":1772552658738},{"is_buyer_maker":false,"price":0.2641,"quantity":20552.0,"timestamp":1772552659131},{"is_buyer_maker":false,"price":0.2641,"quantity":4533.0,"timestamp":1772552659367},{"is_buyer_maker":false,"price":0.2642,"quantity":206.0,"timestamp":1772552659451},{"is_buyer_maker":true,"price":0.2641,"quantity":210.0,"timestamp":1772552659709},{"is_buyer_maker":true,"price":0.2641,"quantity":75.0,"timestamp":1772552659888},{"is_buyer_maker":false,"price":0.2642,"quantity":387.0,"timestamp":1772552660171},{"is_buyer_maker":false,"price":0.2642,"quantity":567.0,"timestamp":1772552660603},{"is_buyer_maker":true,"price":0.2641,"quantity":85.0,"timestamp":1772552660868},{"is_buyer_maker":false,"price":0.2642,"quantity":579.0,"timestamp":1772552661042},{"is_buyer_maker":true,"price":0.2641,"quantity":26437.0,"timestamp":1772552661103},{"is_buyer_maker":true,"price":0.264,"quantity":28966.0,"timestamp":1772552661220},{"is_buyer_maker":true,"price":0.264,"quantity":37396.0,"timestamp":1772552661742},{"is_buyer_maker":false,"price":0.264,"quantity":85.0,"timestamp":1772552661778},{"is_buyer_maker":false,"price":0.264,"quantity":736.0,"timestamp":1772552661983},{"is_buyer_maker":true,"price":0.2639,"quantity":34371.0,"timestamp":1772552662050},{"is_buyer_maker":false,"price":0.264,"quantity":14.0,"timestamp":1772552662057},{"is_buyer_maker":true,"price":0.2639,"quantity":289.0,"timestamp":1772552662174},{"is_buyer_maker":false,"price":0.264,"quantity":276.0,"timestamp":1772552662300},{"is_buyer_maker":true,"price":0.264,"quantity":108.0,"timestamp":1772552662379},{"is_buyer_maker":false,"price":0.2641,"quantity":3530.0,"timestamp":1772552662532},{"is_buyer_maker":false,"price":0.2641,"quantity":45.0,"timestamp":1772552663693},{"is_buyer_maker":true,"price":0.264,"quantity":455.0,"timestamp":1772552663713},{"is_buyer_maker":true,"price":0.264,"quantity":103.0,"timestamp":1772552664103},{"is_buyer_maker":true,"price":0.264,"quantity":136.0,"timestamp":1772552664717},{"is_buyer_maker":true,"price":0.264,"quantity":42.0,"timestamp":1772552664836},{"is_buyer_maker":true,"price":0.264,"quantity":112.0,"timestamp":1772552664969},{"is_buyer_maker":true,"price":0.264,"quantity":13225.0,"timestamp":1772552665983},{"is_buyer_maker":false,"price":0.2641,"quantity":18987.0,"timestamp":1772552666740},{"is_buyer_maker":true,"price":0.2641,"quantity":414.0,"timestamp":1772552666779},{"is_buyer_maker":true,"price":0.2641,"quantity":2342.0,"timestamp":1772552666917},{"is_buyer_maker":true,"price":0.2641,"quantity":3000.0,"timestamp":1772552667018},{"is_buyer_maker":true,"price":0.2641,"quantity":39.0,"timestamp":1772552667523},{"is_buyer_maker":false,"price":0.2642,"quantity":1893.0,"timestamp":1772552667618},{"is_buyer_maker":true,"price":0.2641,"quantity":155.0,"timestamp":1772552667642},{"is_buyer_maker":false,"price":0.2642,"quantity":261.0,"timestamp":1772552667803},{"is_buyer_maker":true,"price":0.2641,"quantity":37.0,"timestamp":1772552669651},{"is_buyer_maker":false,"price":0.2642,"quantity":114.0,"timestamp":1772552669926},{"is_buyer_maker":false,"price":0.2642,"quantity":331.0,"timestamp":1772552670308},{"is_buyer_maker":true,"price":0.2641,"quantity":26.0,"timestamp":1772552671640},{"is_buyer_maker":false,"price":0.2642,"quantity":884.0,"timestamp":1772552671978},{"is_buyer_maker":true,"price":0.2641,"quantity":22.0,"timestamp":1772552672313},{"is_buyer_maker":false,"price":0.2642,"quantity":34.0,"timestamp":1772552672611},{"is_buyer_maker":false,"price":0.2642,"quantity":1393.0,"timestamp":1772552672860},{"is_buyer_maker":false,"price":0.2642,"quantity":18.0,"timestamp":1772552673187},{"is_buyer_maker":false,"price":0.2642,"quantity":15185.0,"timestamp":1772552673997},{"is_buyer_maker":true,"price":0.2642,"quantity":154.0,"timestamp":1772552675400},{"is_buyer_maker":false,"price":0.2643,"quantity":4000.0,"timestamp":1772552676127},{"is_buyer_maker":true,"price":0.2642,"quantity":348.0,"timestamp":1772552676889},{"is_buyer_maker":true,"price":0.2642,"quantity":87.0,"timestamp":1772552678154},{"is_buyer_maker":true,"price":0.2642,"quantity":43.0,"timestamp":1772552678431},{"is_buyer_maker":true,"price":0.2642,"quantity":22.0,"timestamp":1772552678568},{"is_buyer_maker":false,"price":0.2643,"quantity":13247.0,"timestamp":1772552678890},{"is_buyer_maker":false,"price":0.2643,"quantity":5442.0,"timestamp":1772552679108},{"is_buyer_maker":true,"price":0.2642,"quantity":1395.0,"timestamp":1772552679178},{"is_buyer_maker":false,"price":0.2643,"quantity":13.0,"timestamp":1772552679462},{"is_buyer_maker":false,"price":0.2643,"quantity":36.0,"timestamp":1772552679593},{"is_buyer_maker":false,"price":0.2643,"quantity":149.0,"timestamp":1772552679805},{"is_buyer_maker":false,"price":0.2643,"quantity":189.0,"timestamp":1772552680025},{"is_buyer_maker":false,"price":0.2643,"quantity":377.0,"timestamp":1772552680322},{"is_buyer_maker":true,"price":0.2642,"quantity":30.0,"timestamp":1772552681058},{"is_buyer_maker":false,"price":0.2643,"quantity":110.0,"timestamp":1772552681997},{"is_buyer_maker":false,"price":0.2643,"quantity":11.0,"timestamp":1772552683194},{"is_buyer_maker":true,"price":0.2642,"quantity":10102.0,"timestamp":1772552683673},{"is_buyer_maker":true,"price":0.2641,"quantity":1200.0,"timestamp":1772552683675},{"is_buyer_maker":true,"price":0.2641,"quantity":38.0,"timestamp":1772552683946},{"is_buyer_maker":false,"price":0.2642,"quantity":293.0,"timestamp":1772552684536},{"is_buyer_maker":true,"price":0.2641,"quantity":135.0,"timestamp":1772552684723},{"is_buyer_maker":true,"price":0.2641,"quantity":163.0,"timestamp":1772552684976},{"is_buyer_maker":false,"price":0.2642,"quantity":28.0,"timestamp":1772552686083},{"is_buyer_maker":true,"price":0.2641,"quantity":23.0,"timestamp":1772552686266},{"is_buyer_maker":true,"price":0.2641,"quantity":34.0,"timestamp":1772552686472},{"is_buyer_maker":true,"price":0.2641,"quantity":674.0,"timestamp":1772552686715},{"is_buyer_maker":true,"price":0.2641,"quantity":623.0,"timestamp":1772552686913},{"is_buyer_maker":true,"price":0.2641,"quantity":1062.0,"timestamp":1772552687908},{"is_buyer_maker":false,"price":0.2642,"quantity":1135.0,"timestamp":1772552687949},{"is_buyer_maker":true,"price":0.2641,"quantity":41.0,"timestamp":1772552688148},{"is_buyer_maker":false,"price":0.2642,"quantity":1936.0,"timestamp":1772552688228},{"is_buyer_maker":false,"price":0.2642,"quantity":8745.0,"timestamp":1772552689635},{"is_buyer_maker":true,"price":0.2642,"quantity":154.0,"timestamp":1772552689810},{"is_buyer_maker":false,"price":0.2643,"quantity":11088.0,"timestamp":1772552692359},{"is_buyer_maker":false,"price":0.2644,"quantity":20.0,"timestamp":1772552693175},{"is_buyer_maker":true,"price":0.2643,"quantity":290.0,"timestamp":1772552693285},{"is_buyer_maker":true,"price":0.2643,"quantity":44.0,"timestamp":1772552693485},{"is_buyer_maker":false,"price":0.2644,"quantity":6401.0,"timestamp":1772552693848},{"is_buyer_maker":true,"price":0.2643,"quantity":884.0,"timestamp":1772552694851},{"is_buyer_maker":false,"price":0.2644,"quantity":67.0,"timestamp":1772552695517},{"is_buyer_maker":false,"price":0.2644,"quantity":234.0,"timestamp":1772552697098},{"is_buyer_maker":true,"price":0.2643,"quantity":35.0,"timestamp":1772552698291},{"is_buyer_maker":false,"price":0.2644,"quantity":18.0,"timestamp":1772552698597},{"is_buyer_maker":true,"price":0.2643,"quantity":216.0,"timestamp":1772552699081},{"is_buyer_maker":true,"price":0.2643,"quantity":155.0,"timestamp":1772552699388},{"is_buyer_maker":true,"price":0.2643,"quantity":45.0,"timestamp":1772552699719},{"is_buyer_maker":false,"price":0.2644,"quantity":9931.0,"timestamp":1772552701157},{"is_buyer_maker":true,"price":0.2644,"quantity":761.0,"timestamp":1772552701937},{"is_buyer_maker":false,"price":0.2645,"quantity":11900.0,"timestamp":1772552701945},{"is_buyer_maker":false,"price":0.2646,"quantity":243.0,"timestamp":1772552702108},{"is_buyer_maker":false,"price":0.2646,"quantity":1178.0,"timestamp":1772552702291},{"is_buyer_maker":true,"price":0.2645,"quantity":166.0,"timestamp":1772552702836},{"is_buyer_maker":false,"price":0.2646,"quantity":2022.0,"timestamp":1772552703044},{"is_buyer_maker":false,"price":0.2647,"quantity":194.0,"timestamp":1772552703501},{"is_buyer_maker":true,"price":0.2646,"quantity":47.0,"timestamp":1772552703926},{"is_buyer_maker":true,"price":0.2646,"quantity":18301.0,"timestamp":1772552704112},{"is_buyer_maker":true,"price":0.2645,"quantity":34.0,"timestamp":1772552704156},{"is_buyer_maker":false,"price":0.2646,"quantity":258.0,"timestamp":1772552704300},{"is_buyer_maker":false,"price":0.2646,"quantity":37.0,"timestamp":1772552704403},{"is_buyer_maker":true,"price":0.2646,"quantity":400.0,"timestamp":1772552704429},{"is_buyer_maker":true,"price":0.2646,"quantity":148.0,"timestamp":1772552704531},{"is_buyer_maker":true,"price":0.2646,"quantity":206.0,"timestamp":1772552704809},{"is_buyer_maker":true,"price":0.2646,"quantity":5673.0,"timestamp":1772552705074},{"is_buyer_maker":false,"price":0.2647,"quantity":18660.0,"timestamp":1772552705082},{"is_buyer_maker":true,"price":0.2647,"quantity":27.0,"timestamp":1772552705163},{"is_buyer_maker":false,"price":0.2648,"quantity":600.0,"timestamp":1772552705179},{"is_buyer_maker":true,"price":0.2647,"quantity":46.0,"timestamp":1772552705286},{"is_buyer_maker":true,"price":0.2647,"quantity":66.0,"timestamp":1772552705404},{"is_buyer_maker":true,"price":0.2647,"quantity":21.0,"timestamp":1772552705588},{"is_buyer_maker":false,"price":0.2648,"quantity":1447.0,"timestamp":1772552705694},{"is_buyer_maker":true,"price":0.2647,"quantity":9032.0,"timestamp":1772552706075},{"is_buyer_maker":true,"price":0.2646,"quantity":35.0,"timestamp":1772552706262},{"is_buyer_maker":false,"price":0.2647,"quantity":45.0,"timestamp":1772552706389},{"is_buyer_maker":true,"price":0.2646,"quantity":6980.0,"timestamp":1772552706765},{"is_buyer_maker":true,"price":0.2645,"quantity":1200.0,"timestamp":1772552706785},{"is_buyer_maker":false,"price":0.2646,"quantity":5666.0,"timestamp":1772552707718},{"is_buyer_maker":false,"price":0.2646,"quantity":2024.0,"timestamp":1772552708558},{"is_buyer_maker":false,"price":0.2646,"quantity":75.0,"timestamp":1772552709192},{"is_buyer_maker":true,"price":0.2645,"quantity":26.0,"timestamp":1772552709631},{"is_buyer_maker":true,"price":0.2645,"quantity":84.0,"timestamp":1772552709909},{"is_buyer_maker":true,"price":0.2645,"quantity":14199.0,"timestamp":1772552710144},{"is_buyer_maker":true,"price":0.2644,"quantity":4536.0,"timestamp":1772552710678},{"is_buyer_maker":false,"price":0.2645,"quantity":3.0,"timestamp":1772552710800},{"is_buyer_maker":false,"price":0.2645,"quantity":4020.0,"timestamp":1772552711323},{"is_buyer_maker":false,"price":0.2646,"quantity":1939.0,"timestamp":1772552711496},{"is_buyer_maker":true,"price":0.2645,"quantity":640.0,"timestamp":1772552711584},{"is_buyer_maker":false,"price":0.2646,"quantity":15.0,"timestamp":1772552712011},{"is_buyer_maker":false,"price":0.2646,"quantity":1931.0,"timestamp":1772552713115},{"is_buyer_maker":false,"price":0.2646,"quantity":3000.0,"timestamp":1772552714190},{"is_buyer_maker":true,"price":0.2645,"quantity":170.0,"timestamp":1772552714764},{"is_buyer_maker":true,"price":0.2645,"quantity":406.0,"timestamp":1772552714959},{"is_buyer_maker":false,"price":0.2646,"quantity":29646.0,"timestamp":1772552715641},{"is_buyer_maker":false,"price":0.2647,"quantity":11.0,"timestamp":1772552717498},{"is_buyer_maker":true,"price":0.2646,"quantity":68.0,"timestamp":1772552717590},{"is_buyer_maker":true,"price":0.2646,"quantity":32.0,"timestamp":1772552718270},{"is_buyer_maker":true,"price":0.2646,"quantity":23.0,"timestamp":1772552718371},{"is_buyer_maker":true,"price":0.2646,"quantity":78.0,"timestamp":1772552718815},{"is_buyer_maker":true,"price":0.2646,"quantity":86.0,"timestamp":1772552719537},{"is_buyer_maker":true,"price":0.2646,"quantity":1312.0,"timestamp":1772552721495},{"is_buyer_maker":true,"price":0.2646,"quantity":23.0,"timestamp":1772552722275},{"is_buyer_maker":true,"price":0.2646,"quantity":32.0,"timestamp":1772552722589},{"is_buyer_maker":false,"price":0.2647,"quantity":115.0,"timestamp":1772552723464},{"is_buyer_maker":true,"price":0.2646,"quantity":23.0,"timestamp":1772552723546},{"is_buyer_maker":true,"price":0.2646,"quantity":68867.0,"timestamp":1772552723825},{"is_buyer_maker":false,"price":0.2647,"quantity":15.0,"timestamp":1772552724683},{"is_buyer_maker":true,"price":0.2646,"quantity":34586.0,"timestamp":1772552724727},{"is_buyer_maker":false,"price":0.2646,"quantity":379.0,"timestamp":1772552724979},{"is_buyer_maker":false,"price":0.2646,"quantity":19.0,"timestamp":1772552725656},{"is_buyer_maker":false,"price":0.2646,"quantity":1110.0,"timestamp":1772552725781},{"is_buyer_maker":true,"price":0.2646,"quantity":26518.0,"timestamp":1772552726363},{"is_buyer_maker":true,"price":0.2645,"quantity":64.0,"timestamp":1772552727172},{"is_buyer_maker":true,"price":0.2645,"quantity":40.0,"timestamp":1772552727285},{"is_buyer_maker":true,"price":0.2645,"quantity":24.0,"timestamp":1772552727387},{"is_buyer_maker":false,"price":0.2646,"quantity":2539.0,"timestamp":1772552727722},{"is_buyer_maker":true,"price":0.2646,"quantity":56.0,"timestamp":1772552727796},{"is_buyer_maker":true,"price":0.2646,"quantity":100.0,"timestamp":1772552727967},{"is_buyer_maker":false,"price":0.2647,"quantity":11.0,"timestamp":1772552728667},{"is_buyer_maker":false,"price":0.2647,"quantity":18698.0,"timestamp":1772552729896},{"is_buyer_maker":false,"price":0.2647,"quantity":6292.0,"timestamp":1772552730032},{"is_buyer_maker":true,"price":0.2647,"quantity":143.0,"timestamp":1772552730171},{"is_buyer_maker":true,"price":0.2647,"quantity":78.0,"timestamp":1772552730537},{"is_buyer_maker":false,"price":0.2648,"quantity":16907.0,"timestamp":1772552731245},{"is_buyer_maker":true,"price":0.2648,"quantity":22.0,"timestamp":1772552731287},{"is_buyer_maker":false,"price":0.2649,"quantity":17.0,"timestamp":1772552732623},{"is_buyer_maker":false,"price":0.2649,"quantity":1055.0,"timestamp":1772552732930},{"is_buyer_maker":true,"price":0.2648,"quantity":18223.0,"timestamp":1772552732969},{"is_buyer_maker":true,"price":0.2647,"quantity":1200.0,"timestamp":1772552732992},{"is_buyer_maker":false,"price":0.2648,"quantity":204.0,"timestamp":1772552733918},{"is_buyer_maker":true,"price":0.2647,"quantity":2714.0,"timestamp":1772552734529},{"is_buyer_maker":false,"price":0.2648,"quantity":10.0,"timestamp":1772552734683},{"is_buyer_maker":true,"price":0.2647,"quantity":35.0,"timestamp":1772552735589},{"is_buyer_maker":true,"price":0.2647,"quantity":10888.0,"timestamp":1772552735729},{"is_buyer_maker":false,"price":0.2647,"quantity":4.0,"timestamp":1772552735887},{"is_buyer_maker":true,"price":0.2646,"quantity":728.0,"timestamp":1772552736497},{"is_buyer_maker":false,"price":0.2647,"quantity":1132.0,"timestamp":1772552737120},{"is_buyer_maker":false,"price":0.2647,"quantity":29723.0,"timestamp":1772552737365},{"is_buyer_maker":false,"price":0.2648,"quantity":22.0,"timestamp":1772552737714},{"is_buyer_maker":true,"price":0.2647,"quantity":132.0,"timestamp":1772552738099},{"is_buyer_maker":false,"price":0.2648,"quantity":11573.0,"timestamp":1772552738161},{"is_buyer_maker":true,"price":0.2647,"quantity":449.0,"timestamp":1772552738590},{"is_buyer_maker":false,"price":0.2648,"quantity":25188.0,"timestamp":1772552738627},{"is_buyer_maker":false,"price":0.2649,"quantity":20422.0,"timestamp":1772552738744},{"is_buyer_maker":true,"price":0.2648,"quantity":6456.0,"timestamp":1772552738826},{"is_buyer_maker":true,"price":0.2648,"quantity":33021.0,"timestamp":1772552739642},{"is_buyer_maker":true,"price":0.2647,"quantity":30.0,"timestamp":1772552740321},{"is_buyer_maker":false,"price":0.2648,"quantity":1012.0,"timestamp":1772552740355},{"is_buyer_maker":true,"price":0.2648,"quantity":302.0,"timestamp":1772552741290},{"is_buyer_maker":false,"price":0.2649,"quantity":55.0,"timestamp":1772552741633},{"is_buyer_maker":true,"price":0.2648,"quantity":29.0,"timestamp":1772552742237},{"is_buyer_maker":false,"price":0.2649,"quantity":282.0,"timestamp":1772552743112},{"is_buyer_maker":true,"price":0.2648,"quantity":4751.0,"timestamp":1772552743268},{"is_buyer_maker":false,"price":0.2648,"quantity":377.0,"timestamp":1772552743499},{"is_buyer_maker":false,"price":0.2648,"quantity":189.0,"timestamp":1772552744692},{"is_buyer_maker":true,"price":0.2647,"quantity":36.0,"timestamp":1772552744715},{"is_buyer_maker":false,"price":0.2648,"quantity":84.0,"timestamp":1772552744809},{"is_buyer_maker":true,"price":0.2648,"quantity":43.0,"timestamp":1772552745365},{"is_buyer_maker":true,"price":0.2648,"quantity":24.0,"timestamp":1772552745589},{"is_buyer_maker":false,"price":0.2649,"quantity":31416.0,"timestamp":1772552746642},{"is_buyer_maker":true,"price":0.2649,"quantity":114.0,"timestamp":1772552747521},{"is_buyer_maker":true,"price":0.2649,"quantity":6864.0,"timestamp":1772552748324},{"is_buyer_maker":true,"price":0.2649,"quantity":606.0,"timestamp":1772552748444},{"is_buyer_maker":true,"price":0.2649,"quantity":5357.0,"timestamp":1772552748591},{"is_buyer_maker":false,"price":0.2649,"quantity":10.0,"timestamp":1772552748628},{"is_buyer_maker":false,"price":0.2649,"quantity":81087.0,"timestamp":1772552749736},{"is_buyer_maker":true,"price":0.2648,"quantity":84.0,"timestamp":1772552749852},{"is_buyer_maker":false,"price":0.2649,"quantity":165.0,"timestamp":1772552749887},{"is_buyer_maker":true,"price":0.2648,"quantity":115.0,"timestamp":1772552750002},{"is_buyer_maker":false,"price":0.2649,"quantity":31673.0,"timestamp":1772552751602},{"is_buyer_maker":false,"price":0.2649,"quantity":88814.0,"timestamp":1772552751746},{"is_buyer_maker":true,"price":0.2649,"quantity":84.0,"timestamp":1772552751783},{"is_buyer_maker":false,"price":0.265,"quantity":5649.0,"timestamp":1772552752023},{"is_buyer_maker":true,"price":0.2649,"quantity":9215.0,"timestamp":1772552752415},{"is_buyer_maker":false,"price":0.2649,"quantity":566.0,"timestamp":1772552753222},{"is_buyer_maker":true,"price":0.2648,"quantity":53.0,"timestamp":1772552753373},{"is_buyer_maker":false,"price":0.2649,"quantity":154.0,"timestamp":1772552753629},{"is_buyer_maker":true,"price":0.2649,"quantity":82.0,"timestamp":1772552754287},{"is_buyer_maker":false,"price":0.265,"quantity":5.0,"timestamp":1772552754722},{"is_buyer_maker":true,"price":0.2649,"quantity":6592.0,"timestamp":1772552755506},{"is_buyer_maker":false,"price":0.2649,"quantity":354.0,"timestamp":1772552755518},{"is_buyer_maker":false,"price":0.2649,"quantity":1.0,"timestamp":1772552755866},{"is_buyer_maker":false,"price":0.2649,"quantity":119.0,"timestamp":1772552756346},{"is_buyer_maker":true,"price":0.2649,"quantity":4971.0,"timestamp":1772552756691},{"is_buyer_maker":true,"price":0.2648,"quantity":810.0,"timestamp":1772552756929},{"is_buyer_maker":false,"price":0.2649,"quantity":1326.0,"timestamp":1772552758540},{"is_buyer_maker":true,"price":0.2648,"quantity":262.0,"timestamp":1772552758855},{"is_buyer_maker":true,"price":0.2648,"quantity":72.0,"timestamp":1772552759459},{"is_buyer_maker":false,"price":0.2649,"quantity":3.0,"timestamp":1772552759838},{"is_buyer_maker":true,"price":0.2648,"quantity":707.0,"timestamp":1772552759978},{"is_buyer_maker":false,"price":0.2649,"quantity":385.0,"timestamp":1772552760187},{"is_buyer_maker":true,"price":0.2648,"quantity":11574.0,"timestamp":1772552760485},{"is_buyer_maker":false,"price":0.2648,"quantity":18663.0,"timestamp":1772552760547},{"is_buyer_maker":true,"price":0.2648,"quantity":33.0,"timestamp":1772552760793},{"is_buyer_maker":false,"price":0.2649,"quantity":58416.0,"timestamp":1772552761898},{"is_buyer_maker":true,"price":0.2648,"quantity":60.0,"timestamp":1772552762423},{"is_buyer_maker":true,"price":0.2648,"quantity":66.0,"timestamp":1772552762900},{"is_buyer_maker":false,"price":0.2649,"quantity":354.0,"timestamp":1772552763150},{"is_buyer_maker":false,"price":0.2649,"quantity":16018.0,"timestamp":1772552763309},{"is_buyer_maker":false,"price":0.265,"quantity":186.0,"timestamp":1772552763501},{"is_buyer_maker":true,"price":0.2649,"quantity":134.0,"timestamp":1772552763524},{"is_buyer_maker":false,"price":0.265,"quantity":161253.0,"timestamp":1772552763654},{"is_buyer_maker":false,"price":0.2651,"quantity":19.0,"timestamp":1772552764311},{"is_buyer_maker":true,"price":0.265,"quantity":222.0,"timestamp":1772552764485},{"is_buyer_maker":false,"price":0.2651,"quantity":19.0,"timestamp":1772552764871},{"is_buyer_maker":true,"price":0.265,"quantity":105.0,"timestamp":1772552764929},{"is_buyer_maker":true,"price":0.265,"quantity":70.0,"timestamp":1772552765110},{"is_buyer_maker":true,"price":0.265,"quantity":62.0,"timestamp":1772552765252},{"is_buyer_maker":true,"price":0.265,"quantity":23.0,"timestamp":1772552765442},{"is_buyer_maker":true,"price":0.265,"quantity":24.0,"timestamp":1772552765549},{"is_buyer_maker":true,"price":0.265,"quantity":51.0,"timestamp":1772552765859},{"is_buyer_maker":false,"price":0.2651,"quantity":10733.0,"timestamp":1772552767063},{"is_buyer_maker":false,"price":0.2652,"quantity":28.0,"timestamp":1772552767174},{"is_buyer_maker":true,"price":0.2651,"quantity":29.0,"timestamp":1772552768171},{"is_buyer_maker":false,"price":0.2652,"quantity":7530.0,"timestamp":1772552768598},{"is_buyer_maker":true,"price":0.2651,"quantity":306.0,"timestamp":1772552769279},{"is_buyer_maker":true,"price":0.2651,"quantity":312.0,"timestamp":1772552770506},{"is_buyer_maker":false,"price":0.2652,"quantity":300.0,"timestamp":1772552770516},{"is_buyer_maker":true,"price":0.2651,"quantity":20.0,"timestamp":1772552770711},{"is_buyer_maker":false,"price":0.2652,"quantity":19.0,"timestamp":1772552770780},{"is_buyer_maker":true,"price":0.2651,"quantity":27699.0,"timestamp":1772552770925},{"is_buyer_maker":false,"price":0.2651,"quantity":12.0,"timestamp":1772552770954},{"is_buyer_maker":true,"price":0.265,"quantity":593.0,"timestamp":1772552771113},{"is_buyer_maker":true,"price":0.265,"quantity":3554.0,"timestamp":1772552771730},{"is_buyer_maker":false,"price":0.2651,"quantity":8.0,"timestamp":1772552771927},{"is_buyer_maker":true,"price":0.265,"quantity":6449.0,"timestamp":1772552772143},{"is_buyer_maker":false,"price":0.265,"quantity":367.0,"timestamp":1772552773232},{"is_buyer_maker":false,"price":0.265,"quantity":15347.0,"timestamp":1772552774470},{"is_buyer_maker":false,"price":0.2651,"quantity":7112.0,"timestamp":1772552774544},{"is_buyer_maker":true,"price":0.265,"quantity":84.0,"timestamp":1772552774575},{"is_buyer_maker":false,"price":0.2651,"quantity":1136.0,"timestamp":1772552774902},{"is_buyer_maker":true,"price":0.265,"quantity":52.0,"timestamp":1772552775349},{"is_buyer_maker":false,"price":0.2651,"quantity":6327.0,"timestamp":1772552775495},{"is_buyer_maker":false,"price":0.2652,"quantity":1309.0,"timestamp":1772552776183},{"is_buyer_maker":true,"price":0.2652,"quantity":354.0,"timestamp":1772552776216},{"is_buyer_maker":true,"price":0.2652,"quantity":44756.0,"timestamp":1772552776678},{"is_buyer_maker":false,"price":0.2653,"quantity":9172.0,"timestamp":1772552776802},{"is_buyer_maker":true,"price":0.2652,"quantity":6936.0,"timestamp":1772552776867},{"is_buyer_maker":false,"price":0.2653,"quantity":19.0,"timestamp":1772552777137},{"is_buyer_maker":false,"price":0.2653,"quantity":11373.0,"timestamp":1772552777285},{"is_buyer_maker":true,"price":0.2653,"quantity":354.0,"timestamp":1772552777332},{"is_buyer_maker":true,"price":0.2653,"quantity":6540.0,"timestamp":1772552778329},{"is_buyer_maker":false,"price":0.2653,"quantity":28842.0,"timestamp":1772552778835},{"is_buyer_maker":false,"price":0.2654,"quantity":188.0,"timestamp":1772552779123},{"is_buyer_maker":false,"price":0.2654,"quantity":3410.0,"timestamp":1772552779426},{"is_buyer_maker":false,"price":0.2655,"quantity":18.0,"timestamp":1772552779880},{"is_buyer_maker":true,"price":0.2654,"quantity":100.0,"timestamp":1772552779900},{"is_buyer_maker":true,"price":0.2654,"quantity":3433.0,"timestamp":1772552780291},{"is_buyer_maker":true,"price":0.2654,"quantity":24048.0,"timestamp":1772552781551},{"is_buyer_maker":true,"price":0.2653,"quantity":129.0,"timestamp":1772552781795},{"is_buyer_maker":true,"price":0.2653,"quantity":6346.0,"timestamp":1772552781936},{"is_buyer_maker":false,"price":0.2653,"quantity":5119.0,"timestamp":1772552783124},{"is_buyer_maker":false,"price":0.2653,"quantity":68.0,"timestamp":1772552783367},{"is_buyer_maker":true,"price":0.2652,"quantity":8771.0,"timestamp":1772552785128},{"is_buyer_maker":true,"price":0.2651,"quantity":24.0,"timestamp":1772552785925},{"is_buyer_maker":false,"price":0.2652,"quantity":1800.0,"timestamp":1772552786059},{"is_buyer_maker":true,"price":0.2651,"quantity":11636.0,"timestamp":1772552786165},{"is_buyer_maker":false,"price":0.2651,"quantity":38.0,"timestamp":1772552786759},{"is_buyer_maker":true,"price":0.265,"quantity":21.0,"timestamp":1772552786829},{"is_buyer_maker":false,"price":0.2651,"quantity":6936.0,"timestamp":1772552786978},{"is_buyer_maker":true,"price":0.265,"quantity":102.0,"timestamp":1772552787443},{"is_buyer_maker":false,"price":0.2651,"quantity":1063.0,"timestamp":1772552787493},{"is_buyer_maker":true,"price":0.265,"quantity":100.0,"timestamp":1772552787524},{"is_buyer_maker":true,"price":0.265,"quantity":59.0,"timestamp":1772552787652},{"is_buyer_maker":true,"price":0.265,"quantity":18823.0,"timestamp":1772552787943},{"is_buyer_maker":true,"price":0.265,"quantity":21.0,"timestamp":1772552788110},{"is_buyer_maker":true,"price":0.265,"quantity":31834.0,"timestamp":1772552788251},{"is_buyer_maker":true,"price":0.2649,"quantity":188.0,"timestamp":1772552788332},{"is_buyer_maker":false,"price":0.265,"quantity":39.0,"timestamp":1772552788642},{"is_buyer_maker":true,"price":0.2649,"quantity":7944.0,"timestamp":1772552788978},{"is_buyer_maker":true,"price":0.2648,"quantity":85.0,"timestamp":1772552789459},{"is_buyer_maker":true,"price":0.2648,"quantity":6045.0,"timestamp":1772552789700},{"is_buyer_maker":true,"price":0.2647,"quantity":426.0,"timestamp":1772552789752},{"is_buyer_maker":true,"price":0.2647,"quantity":443.0,"timestamp":1772552789908},{"is_buyer_maker":false,"price":0.2648,"quantity":23.0,"timestamp":1772552790068},{"is_buyer_maker":true,"price":0.2647,"quantity":28.0,"timestamp":1772552790657},{"is_buyer_maker":false,"price":0.2648,"quantity":1800.0,"timestamp":1772552791319},{"is_buyer_maker":true,"price":0.2647,"quantity":8896.0,"timestamp":1772552791750},{"is_buyer_maker":false,"price":0.2647,"quantity":15574.0,"timestamp":1772552792137},{"is_buyer_maker":false,"price":0.2647,"quantity":20325.0,"timestamp":1772552792333},{"is_buyer_maker":true,"price":0.2647,"quantity":379.0,"timestamp":1772552792950},{"is_buyer_maker":false,"price":0.2648,"quantity":700.0,"timestamp":1772552793186},{"is_buyer_maker":false,"price":0.2648,"quantity":310.0,"timestamp":1772552793327},{"is_buyer_maker":true,"price":0.2647,"quantity":754.0,"timestamp":1772552794848},{"is_buyer_maker":true,"price":0.2647,"quantity":590.0,"timestamp":1772552795974},{"is_buyer_maker":true,"price":0.2647,"quantity":21.0,"timestamp":1772552796158},{"is_buyer_maker":true,"price":0.2647,"quantity":32.0,"timestamp":1772552796769},{"is_buyer_maker":true,"price":0.2647,"quantity":4248.0,"timestamp":1772552797265},{"is_buyer_maker":true,"price":0.2646,"quantity":1200.0,"timestamp":1772552797286},{"is_buyer_maker":true,"price":0.2646,"quantity":30734.0,"timestamp":1772552797583},{"is_buyer_maker":true,"price":0.2645,"quantity":235.0,"timestamp":1772552797701},{"is_buyer_maker":false,"price":0.2646,"quantity":15.0,"timestamp":1772552798175},{"is_buyer_maker":true,"price":0.2645,"quantity":20.0,"timestamp":1772552798380},{"is_buyer_maker":true,"price":0.2645,"quantity":21.0,"timestamp":1772552799598},{"is_buyer_maker":true,"price":0.2645,"quantity":331.0,"timestamp":1772552800954},{"is_buyer_maker":true,"price":0.2645,"quantity":28.0,"timestamp":1772552801592},{"is_buyer_maker":false,"price":0.2646,"quantity":18730.0,"timestamp":1772552802119},{"is_buyer_maker":true,"price":0.2646,"quantity":286.0,"timestamp":1772552803538},{"is_buyer_maker":false,"price":0.2647,"quantity":29.0,"timestamp":1772552806173},{"is_buyer_maker":false,"price":0.2647,"quantity":35.0,"timestamp":1772552806399},{"is_buyer_maker":true,"price":0.2646,"quantity":9432.0,"timestamp":1772552807366},{"is_buyer_maker":true,"price":0.2645,"quantity":1200.0,"timestamp":1772552807379},{"is_buyer_maker":false,"price":0.2646,"quantity":20000.0,"timestamp":1772552807677},{"is_buyer_maker":true,"price":0.2645,"quantity":46.0,"timestamp":1772552807720},{"is_buyer_maker":true,"price":0.2645,"quantity":67.0,"timestamp":1772552808130},{"is_buyer_maker":false,"price":0.2646,"quantity":17.0,"timestamp":1772552808790},{"is_buyer_maker":true,"price":0.2645,"quantity":22.0,"timestamp":1772552809103},{"is_buyer_maker":true,"price":0.2645,"quantity":24910.0,"timestamp":1772552810466},{"is_buyer_maker":true,"price":0.2644,"quantity":2110.0,"timestamp":1772552810901},{"is_buyer_maker":true,"price":0.2644,"quantity":27.0,"timestamp":1772552812342},{"is_buyer_maker":true,"price":0.2644,"quantity":1500.0,"timestamp":1772552813541},{"is_buyer_maker":true,"price":0.2644,"quantity":12292.0,"timestamp":1772552814054},{"is_buyer_maker":true,"price":0.2644,"quantity":38.0,"timestamp":1772552814199},{"is_buyer_maker":true,"price":0.2644,"quantity":57.0,"timestamp":1772552814362},{"is_buyer_maker":true,"price":0.2644,"quantity":471.0,"timestamp":1772552814598},{"is_buyer_maker":false,"price":0.2645,"quantity":21.0,"timestamp":1772552814968},{"is_buyer_maker":true,"price":0.2644,"quantity":1672.0,"timestamp":1772552816315},{"is_buyer_maker":false,"price":0.2645,"quantity":14269.0,"timestamp":1772552816375},{"is_buyer_maker":false,"price":0.2646,"quantity":54.0,"timestamp":1772552816410},{"is_buyer_maker":true,"price":0.2645,"quantity":147.0,"timestamp":1772552817984},{"is_buyer_maker":false,"price":0.2646,"quantity":28.0,"timestamp":1772552817989},{"is_buyer_maker":true,"price":0.2645,"quantity":4890.0,"timestamp":1772552818264},{"is_buyer_maker":true,"price":0.2644,"quantity":120.0,"timestamp":1772552818432},{"is_buyer_maker":true,"price":0.2644,"quantity":38.0,"timestamp":1772552818770},{"is_buyer_maker":false,"price":0.2645,"quantity":1265.0,"timestamp":1772552819360},{"is_buyer_maker":true,"price":0.2645,"quantity":131.0,"timestamp":1772552819555},{"is_buyer_maker":true,"price":0.2645,"quantity":72.0,"timestamp":1772552819672},{"is_buyer_maker":false,"price":0.2646,"quantity":25541.0,"timestamp":1772552820173},{"is_buyer_maker":true,"price":0.2646,"quantity":23.0,"timestamp":1772552820210},{"is_buyer_maker":false,"price":0.2647,"quantity":35357.0,"timestamp":1772552820380},{"is_buyer_maker":false,"price":0.2647,"quantity":60.0,"timestamp":1772552820763},{"is_buyer_maker":true,"price":0.2646,"quantity":5.0,"timestamp":1772552820961},{"is_buyer_maker":false,"price":0.2647,"quantity":39.0,"timestamp":1772552821288},{"is_buyer_maker":false,"price":0.2647,"quantity":42.0,"timestamp":1772552821521},{"is_buyer_maker":true,"price":0.2646,"quantity":170.0,"timestamp":1772552821606},{"is_buyer_maker":true,"price":0.2646,"quantity":30.0,"timestamp":1772552822852},{"is_buyer_maker":true,"price":0.2646,"quantity":102.0,"timestamp":1772552823974},{"is_buyer_maker":true,"price":0.2646,"quantity":32378.0,"timestamp":1772552824115},{"is_buyer_maker":true,"price":0.2645,"quantity":67.0,"timestamp":1772552824227},{"is_buyer_maker":true,"price":0.2645,"quantity":219105.0,"timestamp":1772552824415},{"is_buyer_maker":false,"price":0.2645,"quantity":354.0,"timestamp":1772552824428},{"is_buyer_maker":true,"price":0.2644,"quantity":35.0,"timestamp":1772552824543},{"is_buyer_maker":false,"price":0.2645,"quantity":13.0,"timestamp":1772552824571},{"is_buyer_maker":true,"price":0.2644,"quantity":45.0,"timestamp":1772552824865},{"is_buyer_maker":true,"price":0.2644,"quantity":42.0,"timestamp":1772552825114},{"is_buyer_maker":true,"price":0.2644,"quantity":371.0,"timestamp":1772552825220},{"is_buyer_maker":true,"price":0.2644,"quantity":101.0,"timestamp":1772552825502},{"is_buyer_maker":true,"price":0.2644,"quantity":105.0,"timestamp":1772552825649},{"is_buyer_maker":true,"price":0.2644,"quantity":20954.0,"timestamp":1772552825858},{"is_buyer_maker":true,"price":0.2643,"quantity":46.0,"timestamp":1772552825867},{"is_buyer_maker":true,"price":0.2643,"quantity":2417.0,"timestamp":1772552826789},{"is_buyer_maker":true,"price":0.2643,"quantity":96.0,"timestamp":1772552827095},{"is_buyer_maker":true,"price":0.2643,"quantity":250.0,"timestamp":1772552827328},{"is_buyer_maker":true,"price":0.2643,"quantity":2447.0,"timestamp":1772552827836},{"is_buyer_maker":true,"price":0.2643,"quantity":1800.0,"timestamp":1772552828227},{"is_buyer_maker":false,"price":0.2644,"quantity":2840.0,"timestamp":1772552828872},{"is_buyer_maker":false,"price":0.2645,"quantity":8549.0,"timestamp":1772552830047},{"is_buyer_maker":true,"price":0.2645,"quantity":39.0,"timestamp":1772552830692},{"is_buyer_maker":false,"price":0.2646,"quantity":1444.0,"timestamp":1772552831033},{"is_buyer_maker":false,"price":0.2647,"quantity":3.0,"timestamp":1772552831310},{"is_buyer_maker":false,"price":0.2647,"quantity":5669.0,"timestamp":1772552832231},{"is_buyer_maker":true,"price":0.2647,"quantity":8295.0,"timestamp":1772552832914},{"is_buyer_maker":false,"price":0.2647,"quantity":9164.0,"timestamp":1772552833273},{"is_buyer_maker":false,"price":0.2647,"quantity":53599.0,"timestamp":1772552833679},{"is_buyer_maker":false,"price":0.2648,"quantity":316.0,"timestamp":1772552834169},{"is_buyer_maker":true,"price":0.2647,"quantity":84.0,"timestamp":1772552834279},{"is_buyer_maker":true,"price":0.2647,"quantity":168.0,"timestamp":1772552834437},{"is_buyer_maker":true,"price":0.2647,"quantity":69.0,"timestamp":1772552834638},{"is_buyer_maker":true,"price":0.2647,"quantity":1800.0,"timestamp":1772552834779},{"is_buyer_maker":false,"price":0.2648,"quantity":22995.0,"timestamp":1772552835067},{"is_buyer_maker":true,"price":0.2647,"quantity":4543.0,"timestamp":1772552835083},{"is_buyer_maker":false,"price":0.2647,"quantity":945.0,"timestamp":1772552835334},{"is_buyer_maker":false,"price":0.2648,"quantity":34412.0,"timestamp":1772552835334},{"is_buyer_maker":false,"price":0.2647,"quantity":945.0,"timestamp":1772552835334},{"is_buyer_maker":false,"price":0.2648,"quantity":34412.0,"timestamp":1772552835334},{"is_buyer_maker":false,"price":0.2647,"quantity":945.0,"timestamp":1772552835334},{"is_buyer_maker":false,"price":0.2648,"quantity":34412.0,"timestamp":1772552835334},{"is_buyer_maker":false,"price":0.2647,"quantity":945.0,"timestamp":1772552835334},{"is_buyer_maker":false,"price":0.2648,"quantity":34412.0,"timestamp":1772552835334},{"is_buyer_maker":false,"price":0.2647,"quantity":945.0,"timestamp":1772552835334},{"is_buyer_maker":false,"price":0.2648,"quantity":34412.0,"timestamp":1772552835334},{"is_buyer_maker":false,"price":0.2647,"quantity":945.0,"timestamp":1772552835334},{"is_buyer_maker":false,"price":0.2648,"quantity":34412.0,"timestamp":1772552835334},{"is_buyer_maker":false,"price":0.2647,"quantity":945.0,"timestamp":1772552835334},{"is_buyer_maker":false,"price":0.2648,"quantity":34412.0,"timestamp":1772552835334},{"is_buyer_maker":false,"price":0.2647,"quantity":945.0,"timestamp":1772552835334},{"is_buyer_maker":false,"price":0.2648,"quantity":34412.0,"timestamp":1772552835334},{"is_buyer_maker":false,"price":0.2647,"quantity":945.0,"timestamp":1772552835334},{"is_buyer_maker":false,"price":0.2648,"quantity":34412.0,"timestamp":1772552835334},{"is_buyer_maker":false,"price":0.2647,"quantity":945.0,"timestamp":1772552835334},{"is_buyer_maker":false,"price":0.2648,"quantity":34412.0,"timestamp":1772552835334},{"is_buyer_maker":false,"price":0.2647,"quantity":945.0,"timestamp":1772552835334},{"is_buyer_maker":false,"price":0.2648,"quantity":34412.0,"timestamp":1772552835334},{"is_buyer_maker":false,"price":0.2647,"quantity":945.0,"timestamp":1772552835334},{"is_buyer_maker":false,"price":0.2648,"quantity":34412.0,"timestamp":1772552835334},{"is_buyer_maker":false,"price":0.2647,"quantity":945.0,"timestamp":1772552835334},{"is_buyer_maker":false,"price":0.2648,"quantity":34412.0,"timestamp":1772552835334},{"is_buyer_maker":true,"price":0.2647,"quantity":5157.0,"timestamp":1772552835468},{"is_buyer_maker":true,"price":0.2646,"quantity":43902.0,"timestamp":1772552836133},{"is_buyer_maker":false,"price":0.2646,"quantity":1755.0,"timestamp":1772552836480},{"is_buyer_maker":true,"price":0.2645,"quantity":84.0,"timestamp":1772552836605},{"is_buyer_maker":false,"price":0.2646,"quantity":19.0,"timestamp":1772552837635},{"is_buyer_maker":false,"price":0.2646,"quantity":92.0,"timestamp":1772552838112},{"is_buyer_maker":false,"price":0.2646,"quantity":415.0,"timestamp":1772552838866},{"is_buyer_maker":true,"price":0.2646,"quantity":72.0,"timestamp":1772552838893},{"is_buyer_maker":false,"price":0.2647,"quantity":26.0,"timestamp":1772552838937},{"is_buyer_maker":false,"price":0.2647,"quantity":33643.0,"timestamp":1772552839163},{"is_buyer_maker":false,"price":0.2648,"quantity":17915.0,"timestamp":1772552839630},{"is_buyer_maker":true,"price":0.2648,"quantity":22.0,"timestamp":1772552839822},{"is_buyer_maker":false,"price":0.2649,"quantity":17.0,"timestamp":1772552840351},{"is_buyer_maker":false,"price":0.2649,"quantity":125.0,"timestamp":1772552840965},{"is_buyer_maker":false,"price":0.2649,"quantity":3775.0,"timestamp":1772552842136},{"is_buyer_maker":true,"price":0.2648,"quantity":60.0,"timestamp":1772552842625},{"is_buyer_maker":false,"price":0.2649,"quantity":28.0,"timestamp":1772552843454},{"is_buyer_maker":true,"price":0.2648,"quantity":46.0,"timestamp":1772552843686},{"is_buyer_maker":true,"price":0.2648,"quantity":30.0,"timestamp":1772552844195},{"is_buyer_maker":true,"price":0.2648,"quantity":190.0,"timestamp":1772552844490},{"is_buyer_maker":true,"price":0.2648,"quantity":6758.0,"timestamp":1772552844861},{"is_buyer_maker":false,"price":0.2648,"quantity":67429.0,"timestamp":1772552845500},{"is_buyer_maker":false,"price":0.2648,"quantity":804.0,"timestamp":1772552845746},{"is_buyer_maker":false,"price":0.2649,"quantity":40.0,"timestamp":1772552846021},{"is_buyer_maker":false,"price":0.2649,"quantity":13.0,"timestamp":1772552846196},{"is_buyer_maker":false,"price":0.2649,"quantity":37.0,"timestamp":1772552847105},{"is_buyer_maker":true,"price":0.2648,"quantity":145.0,"timestamp":1772552849037},{"is_buyer_maker":false,"price":0.2649,"quantity":8.0,"timestamp":1772552849172},{"is_buyer_maker":false,"price":0.2649,"quantity":5430.0,"timestamp":1772552849276},{"is_buyer_maker":false,"price":0.265,"quantity":35357.0,"timestamp":1772552850179},{"is_buyer_maker":false,"price":0.265,"quantity":4615.0,"timestamp":1772552850542},{"is_buyer_maker":true,"price":0.2649,"quantity":57.0,"timestamp":1772552850749},{"is_buyer_maker":true,"price":0.2649,"quantity":850.0,"timestamp":1772552851136},{"is_buyer_maker":false,"price":0.265,"quantity":8185.0,"timestamp":1772552851492},{"is_buyer_maker":true,"price":0.265,"quantity":23720.0,"timestamp":1772552852078},{"is_buyer_maker":false,"price":0.265,"quantity":132326.0,"timestamp":1772552852187},{"is_buyer_maker":false,"price":0.2651,"quantity":85966.0,"timestamp":1772552853412},{"is_buyer_maker":false,"price":0.2651,"quantity":60.0,"timestamp":1772552853880},{"is_buyer_maker":true,"price":0.265,"quantity":476.0,"timestamp":1772552853987},{"is_buyer_maker":true,"price":0.265,"quantity":664.0,"timestamp":1772552854488},{"is_buyer_maker":false,"price":0.2651,"quantity":3258.0,"timestamp":1772552854561},{"is_buyer_maker":true,"price":0.2651,"quantity":6252.0,"timestamp":1772552855057},{"is_buyer_maker":false,"price":0.2651,"quantity":9.0,"timestamp":1772552855188},{"is_buyer_maker":false,"price":0.2651,"quantity":298.0,"timestamp":1772552855753},{"is_buyer_maker":false,"price":0.2651,"quantity":2125.0,"timestamp":1772552856055},{"is_buyer_maker":true,"price":0.2651,"quantity":79.0,"timestamp":1772552856988},{"is_buyer_maker":true,"price":0.2651,"quantity":5487.0,"timestamp":1772552857181},{"is_buyer_maker":false,"price":0.2651,"quantity":298.0,"timestamp":1772552857207},{"is_buyer_maker":false,"price":0.2651,"quantity":377.0,"timestamp":1772552858148},{"is_buyer_maker":true,"price":0.265,"quantity":9023.0,"timestamp":1772552858423},{"is_buyer_maker":true,"price":0.2649,"quantity":9391.0,"timestamp":1772552858499},{"is_buyer_maker":false,"price":0.265,"quantity":14756.0,"timestamp":1772552858588},{"is_buyer_maker":false,"price":0.2651,"quantity":18698.0,"timestamp":1772552858648},{"is_buyer_maker":true,"price":0.265,"quantity":84.0,"timestamp":1772552858686},{"is_buyer_maker":false,"price":0.2651,"quantity":8.0,"timestamp":1772552858777},{"is_buyer_maker":true,"price":0.265,"quantity":9498.0,"timestamp":1772552861387},{"is_buyer_maker":true,"price":0.265,"quantity":4695.0,"timestamp":1772552861831},{"is_buyer_maker":true,"price":0.2649,"quantity":1879.0,"timestamp":1772552861843},{"is_buyer_maker":false,"price":0.265,"quantity":12.0,"timestamp":1772552861943},{"is_buyer_maker":false,"price":0.265,"quantity":412.0,"timestamp":1772552862609},{"is_buyer_maker":true,"price":0.265,"quantity":60.0,"timestamp":1772552862668},{"is_buyer_maker":true,"price":0.265,"quantity":5348.0,"timestamp":1772552862812},{"is_buyer_maker":true,"price":0.2649,"quantity":6973.0,"timestamp":1772552864393},{"is_buyer_maker":false,"price":0.2649,"quantity":780.0,"timestamp":1772552864664},{"is_buyer_maker":false,"price":0.2649,"quantity":421.0,"timestamp":1772552864805},{"is_buyer_maker":true,"price":0.2649,"quantity":330.0,"timestamp":1772552865365},{"is_buyer_maker":true,"price":0.2649,"quantity":4637.0,"timestamp":1772552866831},{"is_buyer_maker":false,"price":0.2649,"quantity":1300.0,"timestamp":1772552867444},{"is_buyer_maker":false,"price":0.2649,"quantity":319.0,"timestamp":1772552867682},{"is_buyer_maker":false,"price":0.265,"quantity":29.0,"timestamp":1772552869140},{"is_buyer_maker":true,"price":0.2649,"quantity":19.0,"timestamp":1772552869328},{"is_buyer_maker":false,"price":0.265,"quantity":1554.0,"timestamp":1772552869731},{"is_buyer_maker":true,"price":0.2649,"quantity":121.0,"timestamp":1772552869818},{"is_buyer_maker":false,"price":0.265,"quantity":166.0,"timestamp":1772552870308},{"is_buyer_maker":true,"price":0.2649,"quantity":28.0,"timestamp":1772552873520},{"is_buyer_maker":false,"price":0.265,"quantity":2.0,"timestamp":1772552874140},{"is_buyer_maker":true,"price":0.2649,"quantity":1683.0,"timestamp":1772552874385},{"is_buyer_maker":true,"price":0.2649,"quantity":44.0,"timestamp":1772552875608},{"is_buyer_maker":false,"price":0.265,"quantity":1.0,"timestamp":1772552876349},{"is_buyer_maker":true,"price":0.2649,"quantity":399.0,"timestamp":1772552876947},{"is_buyer_maker":false,"price":0.265,"quantity":354.0,"timestamp":1772552877106},{"is_buyer_maker":true,"price":0.2649,"quantity":23.0,"timestamp":1772552877178},{"is_buyer_maker":false,"price":0.265,"quantity":149.0,"timestamp":1772552877714},{"is_buyer_maker":false,"price":0.265,"quantity":149.0,"timestamp":1772552877838},{"is_buyer_maker":true,"price":0.2649,"quantity":112.0,"timestamp":1772552878598},{"is_buyer_maker":true,"price":0.2649,"quantity":13365.0,"timestamp":1772552878751},{"is_buyer_maker":true,"price":0.2649,"quantity":214.0,"timestamp":1772552878919},{"is_buyer_maker":true,"price":0.2649,"quantity":432.0,"timestamp":1772552879487},{"is_buyer_maker":true,"price":0.2649,"quantity":6026.0,"timestamp":1772552879680},{"is_buyer_maker":false,"price":0.265,"quantity":86.0,"timestamp":1772552879762},{"is_buyer_maker":true,"price":0.2649,"quantity":37.0,"timestamp":1772552880468},{"is_buyer_maker":true,"price":0.2649,"quantity":5341.0,"timestamp":1772552880752},{"is_buyer_maker":false,"price":0.265,"quantity":52685.0,"timestamp":1772552880864},{"is_buyer_maker":true,"price":0.265,"quantity":12641.0,"timestamp":1772552881480},{"is_buyer_maker":false,"price":0.265,"quantity":4681.0,"timestamp":1772552881779},{"is_buyer_maker":true,"price":0.265,"quantity":2318.0,"timestamp":1772552881831},{"is_buyer_maker":false,"price":0.2651,"quantity":49.0,"timestamp":1772552882379},{"is_buyer_maker":true,"price":0.265,"quantity":33.0,"timestamp":1772552884512},{"is_buyer_maker":true,"price":0.265,"quantity":50.0,"timestamp":1772552884642},{"is_buyer_maker":true,"price":0.265,"quantity":100.0,"timestamp":1772552884818},{"is_buyer_maker":false,"price":0.2651,"quantity":1096.0,"timestamp":1772552884848},{"is_buyer_maker":true,"price":0.265,"quantity":44.0,"timestamp":1772552884870},{"is_buyer_maker":false,"price":0.2651,"quantity":17.0,"timestamp":1772552884952},{"is_buyer_maker":true,"price":0.265,"quantity":85.0,"timestamp":1772552885118},{"is_buyer_maker":true,"price":0.265,"quantity":5382.0,"timestamp":1772552885274},{"is_buyer_maker":true,"price":0.2649,"quantity":261.0,"timestamp":1772552885420},{"is_buyer_maker":false,"price":0.265,"quantity":15.0,"timestamp":1772552885472},{"is_buyer_maker":true,"price":0.2649,"quantity":80.0,"timestamp":1772552885572},{"is_buyer_maker":true,"price":0.2649,"quantity":20.0,"timestamp":1772552885817},{"is_buyer_maker":true,"price":0.2649,"quantity":5212.0,"timestamp":1772552886523},{"is_buyer_maker":true,"price":0.2648,"quantity":55.0,"timestamp":1772552887363},{"is_buyer_maker":false,"price":0.2649,"quantity":35350.0,"timestamp":1772552887824},{"is_buyer_maker":false,"price":0.265,"quantity":8625.0,"timestamp":1772552889008},{"is_buyer_maker":true,"price":0.2649,"quantity":5701.0,"timestamp":1772552889193},{"is_buyer_maker":true,"price":0.2648,"quantity":13387.0,"timestamp":1772552889489},{"is_buyer_maker":true,"price":0.2647,"quantity":146.0,"timestamp":1772552889538},{"is_buyer_maker":true,"price":0.2647,"quantity":80.0,"timestamp":1772552889930},{"is_buyer_maker":true,"price":0.2647,"quantity":30.0,"timestamp":1772552890080},{"is_buyer_maker":true,"price":0.2647,"quantity":451.0,"timestamp":1772552890644},{"is_buyer_maker":false,"price":0.2648,"quantity":3333.0,"timestamp":1772552891264},{"is_buyer_maker":true,"price":0.2647,"quantity":22.0,"timestamp":1772552891296},{"is_buyer_maker":true,"price":0.2647,"quantity":8164.0,"timestamp":1772552891462},{"is_buyer_maker":true,"price":0.2646,"quantity":1200.0,"timestamp":1772552891465},{"is_buyer_maker":false,"price":0.2647,"quantity":1578.0,"timestamp":1772552892332},{"is_buyer_maker":false,"price":0.2648,"quantity":11.0,"timestamp":1772552893498},{"is_buyer_maker":false,"price":0.2648,"quantity":27.0,"timestamp":1772552894110},{"is_buyer_maker":true,"price":0.2647,"quantity":7098.0,"timestamp":1772552896091},{"is_buyer_maker":true,"price":0.2646,"quantity":41.0,"timestamp":1772552896912},{"is_buyer_maker":true,"price":0.2646,"quantity":201.0,"timestamp":1772552897146},{"is_buyer_maker":false,"price":0.2647,"quantity":60.0,"timestamp":1772552898056},{"is_buyer_maker":false,"price":0.2647,"quantity":10.0,"timestamp":1772552898179},{"is_buyer_maker":true,"price":0.2646,"quantity":52.0,"timestamp":1772552898971},{"is_buyer_maker":true,"price":0.2646,"quantity":6042.0,"timestamp":1772552899180},{"is_buyer_maker":false,"price":0.2646,"quantity":846.0,"timestamp":1772552899329},{"is_buyer_maker":true,"price":0.2646,"quantity":2283.0,"timestamp":1772552899363},{"is_buyer_maker":true,"price":0.2646,"quantity":300.0,"timestamp":1772552899774},{"is_buyer_maker":true,"price":0.2646,"quantity":133.0,"timestamp":1772552900014},{"is_buyer_maker":true,"price":0.2646,"quantity":1425.0,"timestamp":1772552900750},{"is_buyer_maker":false,"price":0.2647,"quantity":8.0,"timestamp":1772552900808},{"is_buyer_maker":true,"price":0.2646,"quantity":22.0,"timestamp":1772552901071},{"is_buyer_maker":false,"price":0.2647,"quantity":3502.0,"timestamp":1772552901961},{"is_buyer_maker":true,"price":0.2646,"quantity":171.0,"timestamp":1772552902294},{"is_buyer_maker":true,"price":0.2646,"quantity":914.0,"timestamp":1772552903411},{"is_buyer_maker":false,"price":0.2647,"quantity":90.0,"timestamp":1772552903838},{"is_buyer_maker":false,"price":0.2647,"quantity":197.0,"timestamp":1772552904336},{"is_buyer_maker":true,"price":0.2646,"quantity":160.0,"timestamp":1772552904736},{"is_buyer_maker":true,"price":0.2646,"quantity":165.0,"timestamp":1772552905009},{"is_buyer_maker":true,"price":0.2646,"quantity":29.0,"timestamp":1772552906040},{"is_buyer_maker":true,"price":0.2646,"quantity":49.0,"timestamp":1772552906245},{"is_buyer_maker":true,"price":0.2646,"quantity":24.0,"timestamp":1772552906791},{"is_buyer_maker":true,"price":0.2646,"quantity":21.0,"timestamp":1772552907377},{"is_buyer_maker":true,"price":0.2646,"quantity":32.0,"timestamp":1772552907645},{"is_buyer_maker":false,"price":0.2647,"quantity":13.0,"timestamp":1772552907734},{"is_buyer_maker":true,"price":0.2646,"quantity":25.0,"timestamp":1772552908343},{"is_buyer_maker":false,"price":0.2647,"quantity":419.0,"timestamp":1772552909743},{"is_buyer_maker":true,"price":0.2646,"quantity":103.0,"timestamp":1772552909754},{"is_buyer_maker":true,"price":0.2646,"quantity":112.0,"timestamp":1772552909863},{"is_buyer_maker":false,"price":0.2647,"quantity":6821.0,"timestamp":1772552909902},{"is_buyer_maker":true,"price":0.2647,"quantity":42.0,"timestamp":1772552910269},{"is_buyer_maker":false,"price":0.2648,"quantity":52.0,"timestamp":1772552910596},{"is_buyer_maker":false,"price":0.2648,"quantity":6569.0,"timestamp":1772552910740},{"is_buyer_maker":true,"price":0.2647,"quantity":250.0,"timestamp":1772552911761},{"is_buyer_maker":false,"price":0.2648,"quantity":29.0,"timestamp":1772552912476},{"is_buyer_maker":false,"price":0.2648,"quantity":60.0,"timestamp":1772552912880},{"is_buyer_maker":true,"price":0.2647,"quantity":8141.0,"timestamp":1772552913506},{"is_buyer_maker":true,"price":0.2646,"quantity":1200.0,"timestamp":1772552913508},{"is_buyer_maker":false,"price":0.2647,"quantity":3299.0,"timestamp":1772552915471},{"is_buyer_maker":true,"price":0.2646,"quantity":22.0,"timestamp":1772552915478},{"is_buyer_maker":false,"price":0.2647,"quantity":2022.0,"timestamp":1772552915480},{"is_buyer_maker":true,"price":0.2647,"quantity":45.0,"timestamp":1772552915695},{"is_buyer_maker":false,"price":0.2648,"quantity":1360.0,"timestamp":1772552916544},{"is_buyer_maker":true,"price":0.2647,"quantity":258.0,"timestamp":1772552916552},{"is_buyer_maker":true,"price":0.2647,"quantity":476.0,"timestamp":1772552917193},{"is_buyer_maker":false,"price":0.2648,"quantity":90.0,"timestamp":1772552917559},{"is_buyer_maker":true,"price":0.2647,"quantity":213.0,"timestamp":1772552918929},{"is_buyer_maker":false,"price":0.2648,"quantity":32151.0,"timestamp":1772552919006},{"is_buyer_maker":false,"price":0.2649,"quantity":14.0,"timestamp":1772552919256},{"is_buyer_maker":false,"price":0.2649,"quantity":1796.0,"timestamp":1772552919511},{"is_buyer_maker":false,"price":0.265,"quantity":128.0,"timestamp":1772552919516},{"is_buyer_maker":true,"price":0.2649,"quantity":6675.0,"timestamp":1772552919781},{"is_buyer_maker":true,"price":0.2648,"quantity":44.0,"timestamp":1772552920346},{"is_buyer_maker":false,"price":0.2649,"quantity":377.0,"timestamp":1772552920486},{"is_buyer_maker":false,"price":0.2649,"quantity":1013.0,"timestamp":1772552921390},{"is_buyer_maker":false,"price":0.265,"quantity":106.0,"timestamp":1772552921429},{"is_buyer_maker":true,"price":0.2649,"quantity":2868.0,"timestamp":1772552921781},{"is_buyer_maker":false,"price":0.265,"quantity":113.0,"timestamp":1772552921813},{"is_buyer_maker":false,"price":0.265,"quantity":4612.0,"timestamp":1772552922312},{"is_buyer_maker":true,"price":0.265,"quantity":3425.0,"timestamp":1772552922912},{"is_buyer_maker":true,"price":0.265,"quantity":5151.0,"timestamp":1772552924352},{"is_buyer_maker":true,"price":0.2649,"quantity":117.0,"timestamp":1772552924746},{"is_buyer_maker":false,"price":0.265,"quantity":314.0,"timestamp":1772552924816},{"is_buyer_maker":false,"price":0.2651,"quantity":96.0,"timestamp":1772552924838},{"is_buyer_maker":true,"price":0.265,"quantity":19.0,"timestamp":1772552925017},{"is_buyer_maker":false,"price":0.2651,"quantity":8343.0,"timestamp":1772552925141},{"is_buyer_maker":true,"price":0.2651,"quantity":4375.0,"timestamp":1772552925426},{"is_buyer_maker":false,"price":0.2651,"quantity":20.0,"timestamp":1772552925592},{"is_buyer_maker":false,"price":0.2651,"quantity":58.0,"timestamp":1772552925864},{"is_buyer_maker":true,"price":0.2651,"quantity":3736.0,"timestamp":1772552926588},{"is_buyer_maker":true,"price":0.265,"quantity":3982.0,"timestamp":1772552927372},{"is_buyer_maker":true,"price":0.2649,"quantity":1692.0,"timestamp":1772552927564},{"is_buyer_maker":false,"price":0.265,"quantity":60.0,"timestamp":1772552928004},{"is_buyer_maker":true,"price":0.2649,"quantity":20.0,"timestamp":1772552928032},{"is_buyer_maker":true,"price":0.2649,"quantity":20929.0,"timestamp":1772552928936},{"is_buyer_maker":false,"price":0.265,"quantity":271427.0,"timestamp":1772552929263},{"is_buyer_maker":true,"price":0.2649,"quantity":84.0,"timestamp":1772552929371},{"is_buyer_maker":false,"price":0.265,"quantity":4690.0,"timestamp":1772552930191},{"is_buyer_maker":true,"price":0.2649,"quantity":21.0,"timestamp":1772552930245},{"is_buyer_maker":false,"price":0.265,"quantity":371.0,"timestamp":1772552930408},{"is_buyer_maker":false,"price":0.265,"quantity":1908.0,"timestamp":1772552930602},{"is_buyer_maker":true,"price":0.2649,"quantity":60.0,"timestamp":1772552931345},{"is_buyer_maker":true,"price":0.2649,"quantity":7034.0,"timestamp":1772552932921},{"is_buyer_maker":false,"price":0.2649,"quantity":354.0,"timestamp":1772552932946},{"is_buyer_maker":false,"price":0.2649,"quantity":100.0,"timestamp":1772552933075},{"is_buyer_maker":true,"price":0.2649,"quantity":3798.0,"timestamp":1772552933932},{"is_buyer_maker":true,"price":0.2648,"quantity":317.0,"timestamp":1772552938730},{"is_buyer_maker":false,"price":0.2649,"quantity":22970.0,"timestamp":1772552939101},{"is_buyer_maker":false,"price":0.265,"quantity":60.0,"timestamp":1772552939233},{"is_buyer_maker":true,"price":0.2649,"quantity":3796.0,"timestamp":1772552939556},{"is_buyer_maker":true,"price":0.2648,"quantity":135.0,"timestamp":1772552939620},{"is_buyer_maker":true,"price":0.2648,"quantity":25.0,"timestamp":1772552940258},{"is_buyer_maker":true,"price":0.2648,"quantity":4133.0,"timestamp":1772552940551},{"is_buyer_maker":true,"price":0.2647,"quantity":70.0,"timestamp":1772552940971},{"is_buyer_maker":true,"price":0.2647,"quantity":139.0,"timestamp":1772552942272},{"is_buyer_maker":true,"price":0.2647,"quantity":7718.0,"timestamp":1772552942951},{"is_buyer_maker":true,"price":0.2646,"quantity":327.0,"timestamp":1772552944343},{"is_buyer_maker":true,"price":0.2646,"quantity":21.0,"timestamp":1772552944450},{"is_buyer_maker":false,"price":0.2647,"quantity":28.0,"timestamp":1772552944476},{"is_buyer_maker":true,"price":0.2646,"quantity":224.0,"timestamp":1772552944510},{"is_buyer_maker":true,"price":0.2646,"quantity":44.0,"timestamp":1772552944880},{"is_buyer_maker":true,"price":0.2646,"quantity":21.0,"timestamp":1772552944986},{"is_buyer_maker":false,"price":0.2647,"quantity":28.0,"timestamp":1772552945026},{"is_buyer_maker":true,"price":0.2646,"quantity":94.0,"timestamp":1772552945123},{"is_buyer_maker":true,"price":0.2646,"quantity":19.0,"timestamp":1772552945416},{"is_buyer_maker":true,"price":0.2646,"quantity":36.0,"timestamp":1772552945788},{"is_buyer_maker":false,"price":0.2647,"quantity":917.0,"timestamp":1772552945877},{"is_buyer_maker":false,"price":0.2647,"quantity":23.0,"timestamp":1772552946067},{"is_buyer_maker":true,"price":0.2646,"quantity":11450.0,"timestamp":1772552947555},{"is_buyer_maker":true,"price":0.2645,"quantity":669.0,"timestamp":1772552948518},{"is_buyer_maker":false,"price":0.2646,"quantity":8493.0,"timestamp":1772552949015},{"is_buyer_maker":true,"price":0.2645,"quantity":30658.0,"timestamp":1772552949102},{"is_buyer_maker":false,"price":0.2645,"quantity":9930.0,"timestamp":1772552949489},{"is_buyer_maker":true,"price":0.2644,"quantity":1929.0,"timestamp":1772552949607},{"is_buyer_maker":true,"price":0.2644,"quantity":75.0,"timestamp":1772552949746},{"is_buyer_maker":true,"price":0.2644,"quantity":406.0,"timestamp":1772552949852},{"is_buyer_maker":true,"price":0.2644,"quantity":670.0,"timestamp":1772552949987},{"is_buyer_maker":false,"price":0.2645,"quantity":60.0,"timestamp":1772552950224},{"is_buyer_maker":false,"price":0.2645,"quantity":11343.0,"timestamp":1772552950408},{"is_buyer_maker":false,"price":0.2646,"quantity":9.0,"timestamp":1772552951398},{"is_buyer_maker":true,"price":0.2645,"quantity":5803.0,"timestamp":1772552951555},{"is_buyer_maker":true,"price":0.2644,"quantity":45.0,"timestamp":1772552951675},{"is_buyer_maker":false,"price":0.2645,"quantity":4.0,"timestamp":1772552951816},{"is_buyer_maker":false,"price":0.2645,"quantity":75.0,"timestamp":1772552953179},{"is_buyer_maker":true,"price":0.2644,"quantity":22.0,"timestamp":1772552953457},{"is_buyer_maker":true,"price":0.2644,"quantity":594.0,"timestamp":1772552953635},{"is_buyer_maker":true,"price":0.2644,"quantity":127.0,"timestamp":1772552954803},{"is_buyer_maker":true,"price":0.2644,"quantity":69.0,"timestamp":1772552955094},{"is_buyer_maker":true,"price":0.2644,"quantity":22.0,"timestamp":1772552955312},{"is_buyer_maker":true,"price":0.2644,"quantity":1931.0,"timestamp":1772552956382},{"is_buyer_maker":true,"price":0.2644,"quantity":23501.0,"timestamp":1772552956619},{"is_buyer_maker":true,"price":0.2644,"quantity":36.0,"timestamp":1772552958098},{"is_buyer_maker":true,"price":0.2644,"quantity":6837.0,"timestamp":1772552958475},{"is_buyer_maker":false,"price":0.2645,"quantity":19.0,"timestamp":1772552958654},{"is_buyer_maker":false,"price":0.2645,"quantity":18691.0,"timestamp":1772552958842},{"is_buyer_maker":true,"price":0.2645,"quantity":84.0,"timestamp":1772552959358},{"is_buyer_maker":true,"price":0.2645,"quantity":1400.0,"timestamp":1772552959558},{"is_buyer_maker":false,"price":0.2646,"quantity":44.0,"timestamp":1772552959643},{"is_buyer_maker":true,"price":0.2645,"quantity":73.0,"timestamp":1772552960146},{"is_buyer_maker":false,"price":0.2646,"quantity":60.0,"timestamp":1772552960318},{"is_buyer_maker":false,"price":0.2646,"quantity":50.0,"timestamp":1772552960432},{"is_buyer_maker":false,"price":0.2646,"quantity":97.0,"timestamp":1772552960626},{"is_buyer_maker":true,"price":0.2645,"quantity":5686.0,"timestamp":1772552960787},{"is_buyer_maker":false,"price":0.2645,"quantity":36.0,"timestamp":1772552961338},{"is_buyer_maker":false,"price":0.2645,"quantity":1144.0,"timestamp":1772552961530},{"is_buyer_maker":true,"price":0.2645,"quantity":339.0,"timestamp":1772552962493},{"is_buyer_maker":true,"price":0.2645,"quantity":31.0,"timestamp":1772552963420},{"is_buyer_maker":false,"price":0.2646,"quantity":221.0,"timestamp":1772552964161},{"is_buyer_maker":true,"price":0.2645,"quantity":29.0,"timestamp":1772552964424},{"is_buyer_maker":true,"price":0.2645,"quantity":56.0,"timestamp":1772552964580},{"is_buyer_maker":true,"price":0.2645,"quantity":31.0,"timestamp":1772552964775},{"is_buyer_maker":false,"price":0.2646,"quantity":4459.0,"timestamp":1772552964795},{"is_buyer_maker":false,"price":0.2647,"quantity":39678.0,"timestamp":1772552965734},{"is_buyer_maker":true,"price":0.2647,"quantity":86500.0,"timestamp":1772552965930},{"is_buyer_maker":true,"price":0.2646,"quantity":3290.0,"timestamp":1772552966440},{"is_buyer_maker":false,"price":0.2646,"quantity":14.0,"timestamp":1772552966695},{"is_buyer_maker":false,"price":0.2646,"quantity":258.0,"timestamp":1772552967815},{"is_buyer_maker":false,"price":0.2646,"quantity":1575.0,"timestamp":1772552968415},{"is_buyer_maker":true,"price":0.2646,"quantity":63.0,"timestamp":1772552969173},{"is_buyer_maker":false,"price":0.2647,"quantity":9.0,"timestamp":1772552969678},{"is_buyer_maker":false,"price":0.2647,"quantity":50.0,"timestamp":1772552969860},{"is_buyer_maker":false,"price":0.2647,"quantity":60.0,"timestamp":1772552970067},{"is_buyer_maker":false,"price":0.2647,"quantity":757.0,"timestamp":1772552970970},{"is_buyer_maker":true,"price":0.2646,"quantity":7462.0,"timestamp":1772552971891},{"is_buyer_maker":true,"price":0.2645,"quantity":50.0,"timestamp":1772552972905},{"is_buyer_maker":true,"price":0.2645,"quantity":84.0,"timestamp":1772552974181},{"is_buyer_maker":true,"price":0.2645,"quantity":30.0,"timestamp":1772552975424},{"is_buyer_maker":true,"price":0.2645,"quantity":48.0,"timestamp":1772552975582},{"is_buyer_maker":false,"price":0.2646,"quantity":9.0,"timestamp":1772552975708},{"is_buyer_maker":false,"price":0.2646,"quantity":44.0,"timestamp":1772552975958},{"is_buyer_maker":false,"price":0.2646,"quantity":1334.0,"timestamp":1772552976352},{"is_buyer_maker":true,"price":0.2646,"quantity":357.0,"timestamp":1772552976594},{"is_buyer_maker":false,"price":0.2647,"quantity":19.0,"timestamp":1772552976790},{"is_buyer_maker":false,"price":0.2647,"quantity":50.0,"timestamp":1772552978337},{"is_buyer_maker":true,"price":0.2646,"quantity":582.0,"timestamp":1772552978646},{"is_buyer_maker":false,"price":0.2647,"quantity":23077.0,"timestamp":1772552978848},{"is_buyer_maker":false,"price":0.2648,"quantity":8.0,"timestamp":1772552979706},{"is_buyer_maker":false,"price":0.2648,"quantity":60.0,"timestamp":1772552980048},{"is_buyer_maker":true,"price":0.2647,"quantity":7007.0,"timestamp":1772552980733},{"is_buyer_maker":false,"price":0.2648,"quantity":7555.0,"timestamp":1772552981604},{"is_buyer_maker":true,"price":0.2647,"quantity":5000.0,"timestamp":1772552981669},{"is_buyer_maker":false,"price":0.2648,"quantity":7137.0,"timestamp":1772552982631},{"is_buyer_maker":true,"price":0.2648,"quantity":5098.0,"timestamp":1772552985208},{"is_buyer_maker":false,"price":0.2648,"quantity":50.0,"timestamp":1772552985924},{"is_buyer_maker":false,"price":0.2648,"quantity":681.0,"timestamp":1772552986775},{"is_buyer_maker":true,"price":0.2648,"quantity":3793.0,"timestamp":1772552987073},{"is_buyer_maker":true,"price":0.2647,"quantity":436.0,"timestamp":1772552987689},{"is_buyer_maker":true,"price":0.2647,"quantity":69.0,"timestamp":1772552988721},{"is_buyer_maker":false,"price":0.2648,"quantity":4953.0,"timestamp":1772552988856},{"is_buyer_maker":false,"price":0.2649,"quantity":575.0,"timestamp":1772552989485},{"is_buyer_maker":false,"price":0.2649,"quantity":60.0,"timestamp":1772552989621},{"is_buyer_maker":false,"price":0.2649,"quantity":1344.0,"timestamp":1772552991758},{"is_buyer_maker":false,"price":0.265,"quantity":55.0,"timestamp":1772552992311},{"is_buyer_maker":true,"price":0.2649,"quantity":32.0,"timestamp":1772552993122},{"is_buyer_maker":false,"price":0.265,"quantity":6793.0,"timestamp":1772552993847},{"is_buyer_maker":true,"price":0.265,"quantity":5317.0,"timestamp":1772552994867},{"is_buyer_maker":false,"price":0.265,"quantity":109.0,"timestamp":1772552995460},{"is_buyer_maker":false,"price":0.265,"quantity":1027.0,"timestamp":1772552995915},{"is_buyer_maker":false,"price":0.2651,"quantity":8079.0,"timestamp":1772552996512},{"is_buyer_maker":true,"price":0.2651,"quantity":1523.0,"timestamp":1772552996615},{"is_buyer_maker":false,"price":0.2652,"quantity":435.0,"timestamp":1772552996620},{"is_buyer_maker":true,"price":0.2651,"quantity":9667.0,"timestamp":1772552998012},{"is_buyer_maker":false,"price":0.2651,"quantity":17147.0,"timestamp":1772552998240},{"is_buyer_maker":false,"price":0.2651,"quantity":112.0,"timestamp":1772552998447},{"is_buyer_maker":true,"price":0.2651,"quantity":89.0,"timestamp":1772552998794},{"is_buyer_maker":true,"price":0.2651,"quantity":207.0,"timestamp":1772552998918},{"is_buyer_maker":true,"price":0.2651,"quantity":3716.0,"timestamp":1772552999998},{"is_buyer_maker":true,"price":0.265,"quantity":277.0,"timestamp":1772553000054},{"is_buyer_maker":false,"price":0.2651,"quantity":183.0,"timestamp":1772553000682},{"is_buyer_maker":true,"price":0.265,"quantity":10224.0,"timestamp":1772553000892},{"is_buyer_maker":false,"price":0.265,"quantity":131.0,"timestamp":1772553001607},{"is_buyer_maker":true,"price":0.2649,"quantity":567.0,"timestamp":1772553002189},{"is_buyer_maker":true,"price":0.2649,"quantity":25404.0,"timestamp":1772553002638},{"is_buyer_maker":true,"price":0.2648,"quantity":48.0,"timestamp":1772553002767},{"is_buyer_maker":false,"price":0.2649,"quantity":377.0,"timestamp":1772553003218},{"is_buyer_maker":true,"price":0.2648,"quantity":20413.0,"timestamp":1772553004170},{"is_buyer_maker":false,"price":0.2649,"quantity":28.0,"timestamp":1772553004238},{"is_buyer_maker":true,"price":0.2648,"quantity":31247.0,"timestamp":1772553004251},{"is_buyer_maker":false,"price":0.2648,"quantity":25498.0,"timestamp":1772553004330},{"is_buyer_maker":true,"price":0.2648,"quantity":133.0,"timestamp":1772553004520},{"is_buyer_maker":true,"price":0.2648,"quantity":25.0,"timestamp":1772553004780},{"is_buyer_maker":true,"price":0.2648,"quantity":89.0,"timestamp":1772553005127},{"is_buyer_maker":true,"price":0.2648,"quantity":25.0,"timestamp":1772553005251},{"is_buyer_maker":true,"price":0.2648,"quantity":29.0,"timestamp":1772553005441},{"is_buyer_maker":true,"price":0.2648,"quantity":3458.0,"timestamp":1772553005878},{"is_buyer_maker":false,"price":0.2649,"quantity":787.0,"timestamp":1772553005981},{"is_buyer_maker":false,"price":0.2649,"quantity":211.0,"timestamp":1772553006453},{"is_buyer_maker":false,"price":0.2649,"quantity":113.0,"timestamp":1772553007058},{"is_buyer_maker":false,"price":0.2649,"quantity":1886.0,"timestamp":1772553008498},{"is_buyer_maker":true,"price":0.2648,"quantity":74.0,"timestamp":1772553008612},{"is_buyer_maker":false,"price":0.2649,"quantity":900.0,"timestamp":1772553008685},{"is_buyer_maker":true,"price":0.2648,"quantity":113.0,"timestamp":1772553009911},{"is_buyer_maker":false,"price":0.2649,"quantity":909.0,"timestamp":1772553010325},{"is_buyer_maker":true,"price":0.2648,"quantity":32.0,"timestamp":1772553011579},{"is_buyer_maker":true,"price":0.2648,"quantity":5662.0,"timestamp":1772553012111},{"is_buyer_maker":true,"price":0.2648,"quantity":8969.0,"timestamp":1772553012672},{"is_buyer_maker":true,"price":0.2648,"quantity":3403.0,"timestamp":1772553012990},{"is_buyer_maker":true,"price":0.2647,"quantity":42.0,"timestamp":1772553013854},{"is_buyer_maker":true,"price":0.2647,"quantity":7956.0,"timestamp":1772553014201},{"is_buyer_maker":false,"price":0.2647,"quantity":500.0,"timestamp":1772553014301},{"is_buyer_maker":true,"price":0.2646,"quantity":117.0,"timestamp":1772553014780},{"is_buyer_maker":true,"price":0.2646,"quantity":359.0,"timestamp":1772553014978},{"is_buyer_maker":true,"price":0.2646,"quantity":7653.0,"timestamp":1772553015596},{"is_buyer_maker":false,"price":0.2647,"quantity":1927.0,"timestamp":1772553015664},{"is_buyer_maker":true,"price":0.2646,"quantity":40.0,"timestamp":1772553016674},{"is_buyer_maker":true,"price":0.2646,"quantity":8234.0,"timestamp":1772553017425},{"is_buyer_maker":true,"price":0.2645,"quantity":222.0,"timestamp":1772553017593},{"is_buyer_maker":false,"price":0.2646,"quantity":38.0,"timestamp":1772553017605},{"is_buyer_maker":true,"price":0.2645,"quantity":354.0,"timestamp":1772553018255},{"is_buyer_maker":true,"price":0.2645,"quantity":8007.0,"timestamp":1772553018613},{"is_buyer_maker":false,"price":0.2645,"quantity":19.0,"timestamp":1772553019103},{"is_buyer_maker":true,"price":0.2644,"quantity":23.0,"timestamp":1772553019431},{"is_buyer_maker":true,"price":0.2644,"quantity":240.0,"timestamp":1772553019675},{"is_buyer_maker":true,"price":0.2644,"quantity":5412.0,"timestamp":1772553019799},{"is_buyer_maker":true,"price":0.2643,"quantity":300.0,"timestamp":1772553020004},{"is_buyer_maker":false,"price":0.2644,"quantity":47.0,"timestamp":1772553020530},{"is_buyer_maker":false,"price":0.2644,"quantity":2641.0,"timestamp":1772553020709},{"is_buyer_maker":false,"price":0.2644,"quantity":6980.0,"timestamp":1772553020810},{"is_buyer_maker":true,"price":0.2643,"quantity":243.0,"timestamp":1772553021217},{"is_buyer_maker":false,"price":0.2644,"quantity":567.0,"timestamp":1772553021381},{"is_buyer_maker":false,"price":0.2644,"quantity":363.0,"timestamp":1772553021788},{"is_buyer_maker":true,"price":0.2643,"quantity":10762.0,"timestamp":1772553022209},{"is_buyer_maker":false,"price":0.2643,"quantity":597.0,"timestamp":1772553022625},{"is_buyer_maker":true,"price":0.2642,"quantity":84.0,"timestamp":1772553023428},{"is_buyer_maker":true,"price":0.2642,"quantity":1086.0,"timestamp":1772553023560},{"is_buyer_maker":true,"price":0.2642,"quantity":45.0,"timestamp":1772553023691},{"is_buyer_maker":false,"price":0.2643,"quantity":33.0,"timestamp":1772553023970},{"is_buyer_maker":true,"price":0.2642,"quantity":229.0,"timestamp":1772553024379},{"is_buyer_maker":true,"price":0.2642,"quantity":2781.0,"timestamp":1772553024505},{"is_buyer_maker":true,"price":0.2642,"quantity":67.0,"timestamp":1772553024747},{"is_buyer_maker":true,"price":0.2642,"quantity":437.0,"timestamp":1772553025021},{"is_buyer_maker":true,"price":0.2642,"quantity":1300.0,"timestamp":1772553025485},{"is_buyer_maker":true,"price":0.2642,"quantity":84.0,"timestamp":1772553025701},{"is_buyer_maker":false,"price":0.2643,"quantity":334.0,"timestamp":1772553025705},{"is_buyer_maker":false,"price":0.2643,"quantity":17744.0,"timestamp":1772553025894},{"is_buyer_maker":false,"price":0.2643,"quantity":6902.0,"timestamp":1772553026168},{"is_buyer_maker":false,"price":0.2644,"quantity":10419.0,"timestamp":1772553028781},{"is_buyer_maker":false,"price":0.2644,"quantity":944.0,"timestamp":1772553029175},{"is_buyer_maker":true,"price":0.2643,"quantity":80.0,"timestamp":1772553029280},{"is_buyer_maker":false,"price":0.2644,"quantity":23.0,"timestamp":1772553029638},{"is_buyer_maker":false,"price":0.2644,"quantity":33.0,"timestamp":1772553030032},{"is_buyer_maker":true,"price":0.2643,"quantity":84.0,"timestamp":1772553030706},{"is_buyer_maker":false,"price":0.2644,"quantity":189.0,"timestamp":1772553030805},{"is_buyer_maker":true,"price":0.2643,"quantity":7739.0,"timestamp":1772553032597},{"is_buyer_maker":false,"price":0.2643,"quantity":16596.0,"timestamp":1772553033494},{"is_buyer_maker":true,"price":0.2643,"quantity":84.0,"timestamp":1772553033777},{"is_buyer_maker":true,"price":0.2643,"quantity":48.0,"timestamp":1772553035824},{"is_buyer_maker":false,"price":0.2644,"quantity":30.0,"timestamp":1772553036537},{"is_buyer_maker":false,"price":0.2644,"quantity":35.0,"timestamp":1772553037148},{"is_buyer_maker":false,"price":0.2644,"quantity":44.0,"timestamp":1772553037405},{"is_buyer_maker":false,"price":0.2644,"quantity":63802.0,"timestamp":1772553039265},{"is_buyer_maker":true,"price":0.2644,"quantity":23.0,"timestamp":1772553039643},{"is_buyer_maker":false,"price":0.2645,"quantity":15.0,"timestamp":1772553040636},{"is_buyer_maker":true,"price":0.2644,"quantity":173.0,"timestamp":1772553041477},{"is_buyer_maker":false,"price":0.2645,"quantity":168.0,"timestamp":1772553041922},{"is_buyer_maker":false,"price":0.2645,"quantity":34774.0,"timestamp":1772553042905},{"is_buyer_maker":false,"price":0.2645,"quantity":33.0,"timestamp":1772553043057},{"is_buyer_maker":true,"price":0.2644,"quantity":628.0,"timestamp":1772553043348},{"is_buyer_maker":false,"price":0.2645,"quantity":25.0,"timestamp":1772553044614},{"is_buyer_maker":true,"price":0.2644,"quantity":27.0,"timestamp":1772553044731},{"is_buyer_maker":false,"price":0.2645,"quantity":2694.0,"timestamp":1772553045057},{"is_buyer_maker":false,"price":0.2646,"quantity":37.0,"timestamp":1772553045742},{"is_buyer_maker":true,"price":0.2645,"quantity":6483.0,"timestamp":1772553046261},{"is_buyer_maker":false,"price":0.2645,"quantity":60.0,"timestamp":1772553047591},{"is_buyer_maker":true,"price":0.2644,"quantity":96.0,"timestamp":1772553048457},{"is_buyer_maker":false,"price":0.2645,"quantity":8.0,"timestamp":1772553049076},{"is_buyer_maker":false,"price":0.2645,"quantity":3196.0,"timestamp":1772553049370},{"is_buyer_maker":false,"price":0.2646,"quantity":189.0,"timestamp":1772553049571},{"is_buyer_maker":false,"price":0.2646,"quantity":17954.0,"timestamp":1772553050231},{"is_buyer_maker":true,"price":0.2646,"quantity":500.0,"timestamp":1772553050930},{"is_buyer_maker":true,"price":0.2646,"quantity":4004.0,"timestamp":1772553051383},{"is_buyer_maker":true,"price":0.2646,"quantity":23.0,"timestamp":1772553051729},{"is_buyer_maker":false,"price":0.2647,"quantity":3141.0,"timestamp":1772553053545},{"is_buyer_maker":true,"price":0.2646,"quantity":47.0,"timestamp":1772553053836},{"is_buyer_maker":false,"price":0.2647,"quantity":389.0,"timestamp":1772553057761},{"is_buyer_maker":true,"price":0.2646,"quantity":79.0,"timestamp":1772553058107},{"is_buyer_maker":false,"price":0.2647,"quantity":53.0,"timestamp":1772553058165},{"is_buyer_maker":false,"price":0.2647,"quantity":3193.0,"timestamp":1772553058528},{"is_buyer_maker":false,"price":0.2648,"quantity":76.0,"timestamp":1772553058920},{"is_buyer_maker":false,"price":0.2648,"quantity":60.0,"timestamp":1772553059090},{"is_buyer_maker":true,"price":0.2647,"quantity":207.0,"timestamp":1772553059166},{"is_buyer_maker":true,"price":0.2647,"quantity":45.0,"timestamp":1772553059688},{"is_buyer_maker":true,"price":0.2647,"quantity":15929.0,"timestamp":1772553060179},{"is_buyer_maker":false,"price":0.2647,"quantity":236.0,"timestamp":1772553061210},{"is_buyer_maker":false,"price":0.2647,"quantity":38.0,"timestamp":1772553061753},{"is_buyer_maker":true,"price":0.2646,"quantity":1086.0,"timestamp":1772553061910},{"is_buyer_maker":false,"price":0.2647,"quantity":9.0,"timestamp":1772553062728},{"is_buyer_maker":false,"price":0.2647,"quantity":11321.0,"timestamp":1772553064208},{"is_buyer_maker":true,"price":0.2646,"quantity":69.0,"timestamp":1772553064508},{"is_buyer_maker":true,"price":0.2646,"quantity":25.0,"timestamp":1772553064632},{"is_buyer_maker":false,"price":0.2647,"quantity":87748.0,"timestamp":1772553064694},{"is_buyer_maker":true,"price":0.2647,"quantity":103.0,"timestamp":1772553064831},{"is_buyer_maker":true,"price":0.2647,"quantity":22.0,"timestamp":1772553065110},{"is_buyer_maker":true,"price":0.2647,"quantity":48.0,"timestamp":1772553065224},{"is_buyer_maker":true,"price":0.2647,"quantity":44.0,"timestamp":1772553065325},{"is_buyer_maker":true,"price":0.2647,"quantity":84.0,"timestamp":1772553065592},{"is_buyer_maker":true,"price":0.2647,"quantity":47.0,"timestamp":1772553065889},{"is_buyer_maker":true,"price":0.2647,"quantity":43.0,"timestamp":1772553066139},{"is_buyer_maker":false,"price":0.2648,"quantity":30285.0,"timestamp":1772553066394},{"is_buyer_maker":false,"price":0.2648,"quantity":37598.0,"timestamp":1772553067506},{"is_buyer_maker":false,"price":0.2649,"quantity":13.0,"timestamp":1772553067770},{"is_buyer_maker":false,"price":0.2649,"quantity":125.0,"timestamp":1772553068085},{"is_buyer_maker":false,"price":0.2649,"quantity":2500.0,"timestamp":1772553069223},{"is_buyer_maker":false,"price":0.2649,"quantity":44.0,"timestamp":1772553069796},{"is_buyer_maker":true,"price":0.2648,"quantity":45098.0,"timestamp":1772553070672},{"is_buyer_maker":false,"price":0.2648,"quantity":6046.0,"timestamp":1772553071268},{"is_buyer_maker":true,"price":0.2647,"quantity":23894.0,"timestamp":1772553071336},{"is_buyer_maker":false,"price":0.2648,"quantity":210.0,"timestamp":1772553071915},{"is_buyer_maker":false,"price":0.2648,"quantity":3.0,"timestamp":1772553072302},{"is_buyer_maker":false,"price":0.2648,"quantity":9.0,"timestamp":1772553074123},{"is_buyer_maker":true,"price":0.2647,"quantity":576.0,"timestamp":1772553074150},{"is_buyer_maker":true,"price":0.2647,"quantity":954.0,"timestamp":1772553074414},{"is_buyer_maker":true,"price":0.2647,"quantity":1509.0,"timestamp":1772553074872},{"is_buyer_maker":true,"price":0.2647,"quantity":23021.0,"timestamp":1772553075010},{"is_buyer_maker":true,"price":0.2647,"quantity":154.0,"timestamp":1772553075568},{"is_buyer_maker":false,"price":0.2648,"quantity":9606.0,"timestamp":1772553076057},{"is_buyer_maker":false,"price":0.2648,"quantity":14851.0,"timestamp":1772553076628},{"is_buyer_maker":false,"price":0.2649,"quantity":586.0,"timestamp":1772553076713},{"is_buyer_maker":false,"price":0.2649,"quantity":55.0,"timestamp":1772553077778},{"is_buyer_maker":true,"price":0.2648,"quantity":331.0,"timestamp":1772553077825},{"is_buyer_maker":false,"price":0.2649,"quantity":39.0,"timestamp":1772553077867},{"is_buyer_maker":false,"price":0.2649,"quantity":7788.0,"timestamp":1772553078072},{"is_buyer_maker":true,"price":0.2649,"quantity":8697.0,"timestamp":1772553078664},{"is_buyer_maker":true,"price":0.2649,"quantity":1927.0,"timestamp":1772553078813},{"is_buyer_maker":false,"price":0.2649,"quantity":5.0,"timestamp":1772553079644},{"is_buyer_maker":true,"price":0.2648,"quantity":12855.0,"timestamp":1772553079784},{"is_buyer_maker":false,"price":0.2648,"quantity":33.0,"timestamp":1772553080382},{"is_buyer_maker":false,"price":0.2648,"quantity":3373.0,"timestamp":1772553081053},{"is_buyer_maker":false,"price":0.2649,"quantity":541.0,"timestamp":1772553081293},{"is_buyer_maker":false,"price":0.2649,"quantity":318.0,"timestamp":1772553081450},{"is_buyer_maker":true,"price":0.2648,"quantity":509.0,"timestamp":1772553081981},{"is_buyer_maker":false,"price":0.2649,"quantity":56.0,"timestamp":1772553082081},{"is_buyer_maker":true,"price":0.2648,"quantity":1933.0,"timestamp":1772553082232},{"is_buyer_maker":false,"price":0.2649,"quantity":4.0,"timestamp":1772553082249},{"is_buyer_maker":true,"price":0.2648,"quantity":1213.0,"timestamp":1772553082250},{"is_buyer_maker":true,"price":0.2647,"quantity":8776.0,"timestamp":1772553083043},{"is_buyer_maker":false,"price":0.2647,"quantity":8.0,"timestamp":1772553083181},{"is_buyer_maker":false,"price":0.2647,"quantity":44.0,"timestamp":1772553083354},{"is_buyer_maker":true,"price":0.2646,"quantity":616.0,"timestamp":1772553084142},{"is_buyer_maker":true,"price":0.2646,"quantity":37.0,"timestamp":1772553084577},{"is_buyer_maker":false,"price":0.2647,"quantity":25.0,"timestamp":1772553084928},{"is_buyer_maker":true,"price":0.2646,"quantity":5947.0,"timestamp":1772553086106},{"is_buyer_maker":false,"price":0.2646,"quantity":9080.0,"timestamp":1772553086725},{"is_buyer_maker":false,"price":0.2646,"quantity":12.0,"timestamp":1772553087189},{"is_buyer_maker":false,"price":0.2646,"quantity":8.0,"timestamp":1772553088677},{"is_buyer_maker":false,"price":0.2646,"quantity":12.0,"timestamp":1772553090176},{"is_buyer_maker":true,"price":0.2645,"quantity":1656.0,"timestamp":1772553090191},{"is_buyer_maker":true,"price":0.2645,"quantity":16913.0,"timestamp":1772553090812},{"is_buyer_maker":true,"price":0.2644,"quantity":92.0,"timestamp":1772553092434},{"is_buyer_maker":true,"price":0.2644,"quantity":29.0,"timestamp":1772553092822},{"is_buyer_maker":true,"price":0.2644,"quantity":176.0,"timestamp":1772553093158},{"is_buyer_maker":false,"price":0.2645,"quantity":9729.0,"timestamp":1772553093599},{"is_buyer_maker":false,"price":0.2646,"quantity":1121.0,"timestamp":1772553093800},{"is_buyer_maker":true,"price":0.2645,"quantity":53.0,"timestamp":1772553094657},{"is_buyer_maker":false,"price":0.2646,"quantity":1379.0,"timestamp":1772553095474},{"is_buyer_maker":false,"price":0.2646,"quantity":480.0,"timestamp":1772553095796},{"is_buyer_maker":true,"price":0.2645,"quantity":45.0,"timestamp":1772553095802},{"is_buyer_maker":true,"price":0.2645,"quantity":111.0,"timestamp":1772553096192},{"is_buyer_maker":false,"price":0.2646,"quantity":9.0,"timestamp":1772553096214},{"is_buyer_maker":true,"price":0.2645,"quantity":94.0,"timestamp":1772553096385},{"is_buyer_maker":false,"price":0.2646,"quantity":14.0,"timestamp":1772553097341},{"is_buyer_maker":true,"price":0.2645,"quantity":476.0,"timestamp":1772553097348},{"is_buyer_maker":true,"price":0.2645,"quantity":603.0,"timestamp":1772553097803},{"is_buyer_maker":true,"price":0.2645,"quantity":606.0,"timestamp":1772553098165},{"is_buyer_maker":false,"price":0.2646,"quantity":11498.0,"timestamp":1772553098258},{"is_buyer_maker":true,"price":0.2646,"quantity":3566.0,"timestamp":1772553098279},{"is_buyer_maker":false,"price":0.2647,"quantity":44.0,"timestamp":1772553098399},{"is_buyer_maker":true,"price":0.2646,"quantity":9018.0,"timestamp":1772553098525},{"is_buyer_maker":true,"price":0.2646,"quantity":2140.0,"timestamp":1772553098673},{"is_buyer_maker":false,"price":0.2646,"quantity":3213.0,"timestamp":1772553100775},{"is_buyer_maker":false,"price":0.2647,"quantity":7.0,"timestamp":1772553101081},{"is_buyer_maker":true,"price":0.2646,"quantity":125.0,"timestamp":1772553101587},{"is_buyer_maker":true,"price":0.2646,"quantity":3488.0,"timestamp":1772553102219},{"is_buyer_maker":false,"price":0.2646,"quantity":8649.0,"timestamp":1772553103978},{"is_buyer_maker":true,"price":0.2645,"quantity":900.0,"timestamp":1772553104729},{"is_buyer_maker":true,"price":0.2645,"quantity":57.0,"timestamp":1772553106110},{"is_buyer_maker":true,"price":0.2645,"quantity":28.0,"timestamp":1772553106387},{"is_buyer_maker":true,"price":0.2645,"quantity":194.0,"timestamp":1772553106874},{"is_buyer_maker":false,"price":0.2646,"quantity":12228.0,"timestamp":1772553106916},{"is_buyer_maker":false,"price":0.2647,"quantity":19.0,"timestamp":1772553109863},{"is_buyer_maker":false,"price":0.2647,"quantity":40091.0,"timestamp":1772553109987},{"is_buyer_maker":true,"price":0.2647,"quantity":6214.0,"timestamp":1772553110328},{"is_buyer_maker":false,"price":0.2647,"quantity":2.0,"timestamp":1772553111056},{"is_buyer_maker":false,"price":0.2647,"quantity":334.0,"timestamp":1772553111157},{"is_buyer_maker":true,"price":0.2646,"quantity":6555.0,"timestamp":1772553111429},{"is_buyer_maker":false,"price":0.2647,"quantity":1690.0,"timestamp":1772553111439},{"is_buyer_maker":true,"price":0.2647,"quantity":51.0,"timestamp":1772553111484},{"is_buyer_maker":false,"price":0.2648,"quantity":44.0,"timestamp":1772553111862},{"is_buyer_maker":true,"price":0.2647,"quantity":74.0,"timestamp":1772553112860},{"is_buyer_maker":true,"price":0.2647,"quantity":27.0,"timestamp":1772553113298},{"is_buyer_maker":false,"price":0.2648,"quantity":9.0,"timestamp":1772553113467},{"is_buyer_maker":false,"price":0.2648,"quantity":141.0,"timestamp":1772553113853},{"is_buyer_maker":false,"price":0.2648,"quantity":9854.0,"timestamp":1772553114539},{"is_buyer_maker":true,"price":0.2648,"quantity":354.0,"timestamp":1772553114576},{"is_buyer_maker":false,"price":0.2649,"quantity":3.0,"timestamp":1772553114938},{"is_buyer_maker":false,"price":0.2649,"quantity":1.0,"timestamp":1772553117065},{"is_buyer_maker":true,"price":0.2648,"quantity":10017.0,"timestamp":1772553117233},{"is_buyer_maker":true,"price":0.2648,"quantity":1450.0,"timestamp":1772553117476},{"is_buyer_maker":true,"price":0.2648,"quantity":13412.0,"timestamp":1772553118374},{"is_buyer_maker":true,"price":0.2647,"quantity":75.0,"timestamp":1772553119700},{"is_buyer_maker":false,"price":0.2648,"quantity":2890.0,"timestamp":1772553120074},{"is_buyer_maker":true,"price":0.2647,"quantity":38.0,"timestamp":1772553121238},{"is_buyer_maker":true,"price":0.2647,"quantity":460.0,"timestamp":1772553121378},{"is_buyer_maker":true,"price":0.2647,"quantity":174.0,"timestamp":1772553121645},{"is_buyer_maker":true,"price":0.2647,"quantity":6715.0,"timestamp":1772553121993},{"is_buyer_maker":true,"price":0.2646,"quantity":23.0,"timestamp":1772553122294},{"is_buyer_maker":false,"price":0.2647,"quantity":61.0,"timestamp":1772553122406},{"is_buyer_maker":false,"price":0.2647,"quantity":5066.0,"timestamp":1772553124114},{"is_buyer_maker":true,"price":0.2647,"quantity":19.0,"timestamp":1772553124224},{"is_buyer_maker":false,"price":0.2648,"quantity":9727.0,"timestamp":1772553124254},{"is_buyer_maker":true,"price":0.2647,"quantity":33.0,"timestamp":1772553124255},{"is_buyer_maker":true,"price":0.2647,"quantity":34.0,"timestamp":1772553124526},{"is_buyer_maker":false,"price":0.2648,"quantity":31060.0,"timestamp":1772553124539},{"is_buyer_maker":true,"price":0.2648,"quantity":92.0,"timestamp":1772553124574},{"is_buyer_maker":true,"price":0.2648,"quantity":45.0,"timestamp":1772553124889},{"is_buyer_maker":true,"price":0.2648,"quantity":66.0,"timestamp":1772553125139},{"is_buyer_maker":true,"price":0.2648,"quantity":22.0,"timestamp":1772553125266},{"is_buyer_maker":true,"price":0.2648,"quantity":22.0,"timestamp":1772553125436},{"is_buyer_maker":false,"price":0.2649,"quantity":487.0,"timestamp":1772553125462},{"is_buyer_maker":true,"price":0.2648,"quantity":20.0,"timestamp":1772553125547},{"is_buyer_maker":true,"price":0.2648,"quantity":103.0,"timestamp":1772553125702},{"is_buyer_maker":false,"price":0.2649,"quantity":23.0,"timestamp":1772553126215},{"is_buyer_maker":true,"price":0.2648,"quantity":126.0,"timestamp":1772553126272},{"is_buyer_maker":false,"price":0.2649,"quantity":7483.0,"timestamp":1772553127897},{"is_buyer_maker":false,"price":0.265,"quantity":106.0,"timestamp":1772553127907},{"is_buyer_maker":false,"price":0.265,"quantity":1209.0,"timestamp":1772553128121},{"is_buyer_maker":false,"price":0.265,"quantity":1163.0,"timestamp":1772553128698},{"is_buyer_maker":false,"price":0.2651,"quantity":714.0,"timestamp":1772553128896},{"is_buyer_maker":false,"price":0.2651,"quantity":21954.0,"timestamp":1772553129510},{"is_buyer_maker":false,"price":0.2652,"quantity":105784.0,"timestamp":1772553129574},{"is_buyer_maker":false,"price":0.2652,"quantity":681.0,"timestamp":1772553129821},{"is_buyer_maker":true,"price":0.2651,"quantity":8706.0,"timestamp":1772553130157},{"is_buyer_maker":true,"price":0.2651,"quantity":50.0,"timestamp":1772553130418},{"is_buyer_maker":true,"price":0.2651,"quantity":8254.0,"timestamp":1772553130548},{"is_buyer_maker":false,"price":0.2651,"quantity":965.0,"timestamp":1772553130928},{"is_buyer_maker":true,"price":0.2651,"quantity":45.0,"timestamp":1772553131106},{"is_buyer_maker":true,"price":0.2651,"quantity":7230.0,"timestamp":1772553131568},{"is_buyer_maker":true,"price":0.265,"quantity":45.0,"timestamp":1772553131727},{"is_buyer_maker":true,"price":0.265,"quantity":21.0,"timestamp":1772553132747},{"is_buyer_maker":true,"price":0.265,"quantity":163.0,"timestamp":1772553133419},{"is_buyer_maker":true,"price":0.265,"quantity":13901.0,"timestamp":1772553133542},{"is_buyer_maker":true,"price":0.2649,"quantity":59.0,"timestamp":1772553133714},{"is_buyer_maker":false,"price":0.265,"quantity":2646.0,"timestamp":1772553134166},{"is_buyer_maker":false,"price":0.2651,"quantity":17.0,"timestamp":1772553135093},{"is_buyer_maker":true,"price":0.265,"quantity":38.0,"timestamp":1772553135095},{"is_buyer_maker":false,"price":0.2651,"quantity":672.0,"timestamp":1772553135394},{"is_buyer_maker":false,"price":0.2651,"quantity":13.0,"timestamp":1772553135631},{"is_buyer_maker":false,"price":0.2651,"quantity":20.0,"timestamp":1772553136102},{"is_buyer_maker":true,"price":0.265,"quantity":12577.0,"timestamp":1772553137495},{"is_buyer_maker":true,"price":0.265,"quantity":5008.0,"timestamp":1772553137941},{"is_buyer_maker":false,"price":0.265,"quantity":392.0,"timestamp":1772553138880},{"is_buyer_maker":false,"price":0.2651,"quantity":8.0,"timestamp":1772553138888},{"is_buyer_maker":true,"price":0.265,"quantity":196134.0,"timestamp":1772553139119},{"is_buyer_maker":false,"price":0.265,"quantity":5614.0,"timestamp":1772553139300},{"is_buyer_maker":true,"price":0.265,"quantity":354.0,"timestamp":1772553139343},{"is_buyer_maker":false,"price":0.2651,"quantity":6.0,"timestamp":1772553139632},{"is_buyer_maker":false,"price":0.2651,"quantity":10.0,"timestamp":1772553140095},{"is_buyer_maker":false,"price":0.2651,"quantity":112.0,"timestamp":1772553140728},{"is_buyer_maker":true,"price":0.265,"quantity":44.0,"timestamp":1772553141634},{"is_buyer_maker":false,"price":0.2651,"quantity":377.0,"timestamp":1772553141896},{"is_buyer_maker":false,"price":0.2651,"quantity":9.0,"timestamp":1772553142886},{"is_buyer_maker":true,"price":0.265,"quantity":14665.0,"timestamp":1772553143455},{"is_buyer_maker":true,"price":0.2649,"quantity":6809.0,"timestamp":1772553144635},{"is_buyer_maker":true,"price":0.2648,"quantity":81.0,"timestamp":1772553145121},{"is_buyer_maker":false,"price":0.2649,"quantity":377.0,"timestamp":1772553145405},{"is_buyer_maker":false,"price":0.2649,"quantity":5.0,"timestamp":1772553145811},{"is_buyer_maker":true,"price":0.2648,"quantity":18.0,"timestamp":1772553147524},{"is_buyer_maker":true,"price":0.2648,"quantity":82.0,"timestamp":1772553147781},{"is_buyer_maker":false,"price":0.2649,"quantity":14.0,"timestamp":1772553148322},{"is_buyer_maker":false,"price":0.2649,"quantity":415.0,"timestamp":1772553148544},{"is_buyer_maker":false,"price":0.2649,"quantity":21.0,"timestamp":1772553149050},{"is_buyer_maker":true,"price":0.2648,"quantity":5666.0,"timestamp":1772553149821},{"is_buyer_maker":false,"price":0.2649,"quantity":23.0,"timestamp":1772553150020},{"is_buyer_maker":false,"price":0.2649,"quantity":3395.0,"timestamp":1772553150252},{"is_buyer_maker":false,"price":0.2649,"quantity":36550.0,"timestamp":1772553150402},{"is_buyer_maker":true,"price":0.2649,"quantity":4355.0,"timestamp":1772553151146},{"is_buyer_maker":true,"price":0.2648,"quantity":43.0,"timestamp":1772553151211},{"is_buyer_maker":true,"price":0.2648,"quantity":14435.0,"timestamp":1772553151339},{"is_buyer_maker":true,"price":0.2647,"quantity":26.0,"timestamp":1772553151460},{"is_buyer_maker":false,"price":0.2648,"quantity":6.0,"timestamp":1772553151769},{"is_buyer_maker":false,"price":0.2648,"quantity":381.0,"timestamp":1772553152556},{"is_buyer_maker":false,"price":0.2649,"quantity":1666.0,"timestamp":1772553153401},{"is_buyer_maker":false,"price":0.265,"quantity":2416.0,"timestamp":1772553154998},{"is_buyer_maker":true,"price":0.265,"quantity":4831.0,"timestamp":1772553155472},{"is_buyer_maker":false,"price":0.265,"quantity":47.0,"timestamp":1772553155654},{"is_buyer_maker":false,"price":0.265,"quantity":214.0,"timestamp":1772553156371},{"is_buyer_maker":true,"price":0.265,"quantity":3138.0,"timestamp":1772553156620},{"is_buyer_maker":true,"price":0.2649,"quantity":114300.0,"timestamp":1772553157094},{"is_buyer_maker":true,"price":0.2649,"quantity":8609.0,"timestamp":1772553157865},{"is_buyer_maker":false,"price":0.2649,"quantity":6.0,"timestamp":1772553158229},{"is_buyer_maker":true,"price":0.2648,"quantity":476.0,"timestamp":1772553159163},{"is_buyer_maker":false,"price":0.2649,"quantity":1541.0,"timestamp":1772553160146},{"is_buyer_maker":false,"price":0.2649,"quantity":396.0,"timestamp":1772553160373},{"is_buyer_maker":false,"price":0.265,"quantity":1800.0,"timestamp":1772553160399},{"is_buyer_maker":false,"price":0.265,"quantity":4.0,"timestamp":1772553161730},{"is_buyer_maker":true,"price":0.2649,"quantity":3737.0,"timestamp":1772553161912},{"is_buyer_maker":true,"price":0.2648,"quantity":464.0,"timestamp":1772553162138},{"is_buyer_maker":false,"price":0.2649,"quantity":23.0,"timestamp":1772553162811},{"is_buyer_maker":false,"price":0.2649,"quantity":84.0,"timestamp":1772553163796},{"is_buyer_maker":true,"price":0.2648,"quantity":3405.0,"timestamp":1772553164300},{"is_buyer_maker":false,"price":0.2649,"quantity":7.0,"timestamp":1772553164951},{"is_buyer_maker":false,"price":0.2649,"quantity":4150.0,"timestamp":1772553165064},{"is_buyer_maker":true,"price":0.2649,"quantity":46.0,"timestamp":1772553167729},{"is_buyer_maker":true,"price":0.2649,"quantity":2222.0,"timestamp":1772553167934},{"is_buyer_maker":true,"price":0.2649,"quantity":14822.0,"timestamp":1772553168089},{"is_buyer_maker":true,"price":0.2648,"quantity":1200.0,"timestamp":1772553168095},{"is_buyer_maker":false,"price":0.2649,"quantity":149.0,"timestamp":1772553168890},{"is_buyer_maker":true,"price":0.2648,"quantity":375.0,"timestamp":1772553169460},{"is_buyer_maker":false,"price":0.2649,"quantity":2.0,"timestamp":1772553170543},{"is_buyer_maker":false,"price":0.2649,"quantity":282.0,"timestamp":1772553171343},{"is_buyer_maker":false,"price":0.2649,"quantity":759.0,"timestamp":1772553172048},{"is_buyer_maker":true,"price":0.2648,"quantity":176.0,"timestamp":1772553174008},{"is_buyer_maker":false,"price":0.2649,"quantity":14.0,"timestamp":1772553174135},{"is_buyer_maker":true,"price":0.2648,"quantity":216.0,"timestamp":1772553175204},{"is_buyer_maker":false,"price":0.2649,"quantity":4881.0,"timestamp":1772553176269},{"is_buyer_maker":true,"price":0.2648,"quantity":153.0,"timestamp":1772553176763},{"is_buyer_maker":true,"price":0.2648,"quantity":22025.0,"timestamp":1772553177680},{"is_buyer_maker":true,"price":0.2648,"quantity":11468.0,"timestamp":1772553178088},{"is_buyer_maker":true,"price":0.2647,"quantity":85.0,"timestamp":1772553178947},{"is_buyer_maker":true,"price":0.2647,"quantity":28.0,"timestamp":1772553179161},{"is_buyer_maker":true,"price":0.2647,"quantity":4798.0,"timestamp":1772553179279},{"is_buyer_maker":true,"price":0.2646,"quantity":22.0,"timestamp":1772553179780},{"is_buyer_maker":false,"price":0.2647,"quantity":1950.0,"timestamp":1772553179846},{"is_buyer_maker":false,"price":0.2647,"quantity":8436.0,"timestamp":1772553180043},{"is_buyer_maker":true,"price":0.2647,"quantity":25.0,"timestamp":1772553180927},{"is_buyer_maker":false,"price":0.2648,"quantity":6.0,"timestamp":1772553181154},{"is_buyer_maker":false,"price":0.2648,"quantity":5008.0,"timestamp":1772553181559},{"is_buyer_maker":false,"price":0.2648,"quantity":2815.0,"timestamp":1772553181945},{"is_buyer_maker":false,"price":0.2649,"quantity":8.0,"timestamp":1772553182142},{"is_buyer_maker":true,"price":0.2648,"quantity":90.0,"timestamp":1772553182178},{"is_buyer_maker":false,"price":0.2649,"quantity":1334.0,"timestamp":1772553182460},{"is_buyer_maker":true,"price":0.2648,"quantity":17461.0,"timestamp":1772553182620},{"is_buyer_maker":false,"price":0.2648,"quantity":3781.0,"timestamp":1772553183033},{"is_buyer_maker":true,"price":0.2647,"quantity":526.0,"timestamp":1772553183163},{"is_buyer_maker":false,"price":0.2648,"quantity":28.0,"timestamp":1772553183684},{"is_buyer_maker":true,"price":0.2647,"quantity":23.0,"timestamp":1772553184211},{"is_buyer_maker":true,"price":0.2647,"quantity":8084.0,"timestamp":1772553184365},{"is_buyer_maker":true,"price":0.2646,"quantity":34.0,"timestamp":1772553184538}