{"exchange":"binance","symbol":"BNBUSDT","last_updated":1772553234754,"trades":[{"is_buyer_maker":false,"price":628.07,"quantity":0.82,"timestamp":1772552637328},{"is_buyer_maker":true,"price":628.06,"quantity":3.1,"timestamp":1772552637352},{"is_buyer_maker":true,"price":628.04,"quantity":0.05,"timestamp":1772552637363},{"is_buyer_maker":false,"price":628.04,"quantity":0.04,"timestamp":1772552637520},{"is_buyer_maker":true,"price":628.03,"quantity":1.8,"timestamp":1772552637594},{"is_buyer_maker":true,"price":628.03,"quantity":0.9,"timestamp":1772552638502},{"is_buyer_maker":true,"price":628.03,"quantity":0.02,"timestamp":1772552638698},{"is_buyer_maker":false,"price":628.04,"quantity":3.76,"timestamp":1772552638837},{"is_buyer_maker":true,"price":628.03,"quantity":1.43,"timestamp":1772552639526},{"is_buyer_maker":false,"price":628.04,"quantity":0.1,"timestamp":1772552639566},{"is_buyer_maker":true,"price":628.03,"quantity":0.79,"timestamp":1772552639568},{"is_buyer_maker":true,"price":628.03,"quantity":5.23,"timestamp":1772552639835},{"is_buyer_maker":true,"price":628.02,"quantity":2.13,"timestamp":1772552639836},{"is_buyer_maker":true,"price":628.01,"quantity":0.5,"timestamp":1772552639837},{"is_buyer_maker":true,"price":628.0,"quantity":9.08,"timestamp":1772552639838},{"is_buyer_maker":false,"price":628.01,"quantity":35.66,"timestamp":1772552640075},{"is_buyer_maker":false,"price":628.03,"quantity":0.03,"timestamp":1772552640235},{"is_buyer_maker":false,"price":628.03,"quantity":0.32,"timestamp":1772552640531},{"is_buyer_maker":true,"price":628.02,"quantity":0.82,"timestamp":1772552640570},{"is_buyer_maker":true,"price":628.02,"quantity":0.53,"timestamp":1772552640852},{"is_buyer_maker":true,"price":628.02,"quantity":8.59,"timestamp":1772552641195},{"is_buyer_maker":true,"price":628.02,"quantity":16.71,"timestamp":1772552641433},{"is_buyer_maker":false,"price":628.03,"quantity":0.15,"timestamp":1772552641776},{"is_buyer_maker":false,"price":628.03,"quantity":0.07,"timestamp":1772552642350},{"is_buyer_maker":true,"price":628.02,"quantity":0.79,"timestamp":1772552642455},{"is_buyer_maker":true,"price":628.02,"quantity":3.49,"timestamp":1772552642977},{"is_buyer_maker":true,"price":628.0,"quantity":43.65,"timestamp":1772552642978},{"is_buyer_maker":true,"price":627.99,"quantity":0.04,"timestamp":1772552642989},{"is_buyer_maker":true,"price":627.98,"quantity":0.78,"timestamp":1772552643455},{"is_buyer_maker":false,"price":627.99,"quantity":9.59,"timestamp":1772552643732},{"is_buyer_maker":false,"price":628.02,"quantity":3.37,"timestamp":1772552643782},{"is_buyer_maker":false,"price":628.03,"quantity":0.52,"timestamp":1772552644032},{"is_buyer_maker":false,"price":628.04,"quantity":2.33,"timestamp":1772552644032},{"is_buyer_maker":false,"price":628.03,"quantity":0.52,"timestamp":1772552644032},{"is_buyer_maker":false,"price":628.04,"quantity":2.33,"timestamp":1772552644032},{"is_buyer_maker":false,"price":628.03,"quantity":0.52,"timestamp":1772552644032},{"is_buyer_maker":false,"price":628.04,"quantity":2.33,"timestamp":1772552644032},{"is_buyer_maker":false,"price":628.03,"quantity":0.52,"timestamp":1772552644032},{"is_buyer_maker":false,"price":628.04,"quantity":2.33,"timestamp":1772552644032},{"is_buyer_maker":false,"price":628.03,"quantity":0.52,"timestamp":1772552644032},{"is_buyer_maker":false,"price":628.04,"quantity":2.33,"timestamp":1772552644032},{"is_buyer_maker":false,"price":628.03,"quantity":0.52,"timestamp":1772552644032},{"is_buyer_maker":false,"price":628.04,"quantity":2.33,"timestamp":1772552644032},{"is_buyer_maker":false,"price":628.03,"quantity":0.52,"timestamp":1772552644032},{"is_buyer_maker":false,"price":628.04,"quantity":2.33,"timestamp":1772552644032},{"is_buyer_maker":false,"price":628.03,"quantity":0.52,"timestamp":1772552644032},{"is_buyer_maker":false,"price":628.04,"quantity":2.33,"timestamp":1772552644032},{"is_buyer_maker":false,"price":628.03,"quantity":0.52,"timestamp":1772552644032},{"is_buyer_maker":false,"price":628.04,"quantity":2.33,"timestamp":1772552644032},{"is_buyer_maker":false,"price":628.03,"quantity":0.52,"timestamp":1772552644032},{"is_buyer_maker":false,"price":628.04,"quantity":2.33,"timestamp":1772552644032},{"is_buyer_maker":false,"price":628.03,"quantity":0.52,"timestamp":1772552644032},{"is_buyer_maker":false,"price":628.04,"quantity":2.33,"timestamp":1772552644032},{"is_buyer_maker":false,"price":628.03,"quantity":0.52,"timestamp":1772552644032},{"is_buyer_maker":false,"price":628.04,"quantity":2.33,"timestamp":1772552644032},{"is_buyer_maker":false,"price":628.03,"quantity":0.52,"timestamp":1772552644032},{"is_buyer_maker":false,"price":628.04,"quantity":2.33,"timestamp":1772552644032},{"is_buyer_maker":false,"price":628.03,"quantity":0.52,"timestamp":1772552644032},{"is_buyer_maker":false,"price":628.04,"quantity":2.33,"timestamp":1772552644032},{"is_buyer_maker":false,"price":628.03,"quantity":0.52,"timestamp":1772552644032},{"is_buyer_maker":false,"price":628.04,"quantity":2.33,"timestamp":1772552644032},{"is_buyer_maker":false,"price":628.03,"quantity":0.52,"timestamp":1772552644032},{"is_buyer_maker":false,"price":628.04,"quantity":2.33,"timestamp":1772552644032},{"is_buyer_maker":false,"price":628.03,"quantity":0.52,"timestamp":1772552644032},{"is_buyer_maker":false,"price":628.04,"quantity":2.33,"timestamp":1772552644032},{"is_buyer_maker":false,"price":628.03,"quantity":0.52,"timestamp":1772552644032},{"is_buyer_maker":false,"price":628.04,"quantity":2.33,"timestamp":1772552644032},{"is_buyer_maker":false,"price":628.03,"quantity":0.52,"timestamp":1772552644032},{"is_buyer_maker":false,"price":628.04,"quantity":2.33,"timestamp":1772552644032},{"is_buyer_maker":false,"price":628.05,"quantity":0.07,"timestamp":1772552644048},{"is_buyer_maker":false,"price":628.06,"quantity":0.17,"timestamp":1772552644048},{"is_buyer_maker":false,"price":628.05,"quantity":0.07,"timestamp":1772552644048},{"is_buyer_maker":false,"price":628.06,"quantity":0.17,"timestamp":1772552644048},{"is_buyer_maker":false,"price":628.05,"quantity":0.07,"timestamp":1772552644048},{"is_buyer_maker":false,"price":628.06,"quantity":0.17,"timestamp":1772552644048},{"is_buyer_maker":false,"price":628.05,"quantity":0.07,"timestamp":1772552644048},{"is_buyer_maker":false,"price":628.06,"quantity":0.17,"timestamp":1772552644048},{"is_buyer_maker":false,"price":628.05,"quantity":0.07,"timestamp":1772552644048},{"is_buyer_maker":false,"price":628.06,"quantity":0.17,"timestamp":1772552644048},{"is_buyer_maker":false,"price":628.05,"quantity":0.07,"timestamp":1772552644048},{"is_buyer_maker":false,"price":628.06,"quantity":0.17,"timestamp":1772552644048},{"is_buyer_maker":false,"price":628.05,"quantity":0.07,"timestamp":1772552644048},{"is_buyer_maker":false,"price":628.06,"quantity":0.17,"timestamp":1772552644048},{"is_buyer_maker":false,"price":628.05,"quantity":0.07,"timestamp":1772552644048},{"is_buyer_maker":false,"price":628.06,"quantity":0.17,"timestamp":1772552644048},{"is_buyer_maker":false,"price":628.05,"quantity":0.07,"timestamp":1772552644048},{"is_buyer_maker":false,"price":628.06,"quantity":0.17,"timestamp":1772552644048},{"is_buyer_maker":false,"price":628.05,"quantity":0.07,"timestamp":1772552644048},{"is_buyer_maker":false,"price":628.06,"quantity":0.17,"timestamp":1772552644048},{"is_buyer_maker":false,"price":628.05,"quantity":0.07,"timestamp":1772552644048},{"is_buyer_maker":false,"price":628.06,"quantity":0.17,"timestamp":1772552644048},{"is_buyer_maker":false,"price":628.05,"quantity":0.07,"timestamp":1772552644048},{"is_buyer_maker":false,"price":628.06,"quantity":0.17,"timestamp":1772552644048},{"is_buyer_maker":false,"price":628.05,"quantity":0.07,"timestamp":1772552644048},{"is_buyer_maker":false,"price":628.06,"quantity":0.17,"timestamp":1772552644048},{"is_buyer_maker":false,"price":628.05,"quantity":0.07,"timestamp":1772552644048},{"is_buyer_maker":false,"price":628.06,"quantity":0.17,"timestamp":1772552644048},{"is_buyer_maker":false,"price":628.05,"quantity":0.07,"timestamp":1772552644048},{"is_buyer_maker":false,"price":628.06,"quantity":0.17,"timestamp":1772552644048},{"is_buyer_maker":false,"price":628.05,"quantity":0.07,"timestamp":1772552644048},{"is_buyer_maker":false,"price":628.06,"quantity":0.17,"timestamp":1772552644048},{"is_buyer_maker":false,"price":628.05,"quantity":0.07,"timestamp":1772552644048},{"is_buyer_maker":false,"price":628.06,"quantity":0.17,"timestamp":1772552644048},{"is_buyer_maker":false,"price":628.05,"quantity":0.07,"timestamp":1772552644048},{"is_buyer_maker":false,"price":628.06,"quantity":0.17,"timestamp":1772552644048},{"is_buyer_maker":false,"price":628.05,"quantity":0.07,"timestamp":1772552644048},{"is_buyer_maker":false,"price":628.06,"quantity":0.17,"timestamp":1772552644048},{"is_buyer_maker":false,"price":628.07,"quantity":0.02,"timestamp":1772552644051},{"is_buyer_maker":true,"price":628.07,"quantity":1.0,"timestamp":1772552644405},{"is_buyer_maker":true,"price":628.07,"quantity":1.02,"timestamp":1772552644533},{"is_buyer_maker":true,"price":628.07,"quantity":0.04,"timestamp":1772552644934},{"is_buyer_maker":false,"price":628.08,"quantity":3.62,"timestamp":1772552644943},{"is_buyer_maker":false,"price":628.09,"quantity":0.02,"timestamp":1772552644945},{"is_buyer_maker":false,"price":628.1,"quantity":0.07,"timestamp":1772552644945},{"is_buyer_maker":false,"price":628.09,"quantity":0.02,"timestamp":1772552644945},{"is_buyer_maker":false,"price":628.1,"quantity":0.07,"timestamp":1772552644945},{"is_buyer_maker":false,"price":628.09,"quantity":0.02,"timestamp":1772552644945},{"is_buyer_maker":false,"price":628.1,"quantity":0.07,"timestamp":1772552644945},{"is_buyer_maker":false,"price":628.09,"quantity":0.02,"timestamp":1772552644945},{"is_buyer_maker":false,"price":628.1,"quantity":0.07,"timestamp":1772552644945},{"is_buyer_maker":false,"price":628.09,"quantity":0.02,"timestamp":1772552644945},{"is_buyer_maker":false,"price":628.1,"quantity":0.07,"timestamp":1772552644945},{"is_buyer_maker":false,"price":628.09,"quantity":0.02,"timestamp":1772552644945},{"is_buyer_maker":false,"price":628.1,"quantity":0.07,"timestamp":1772552644945},{"is_buyer_maker":false,"price":628.09,"quantity":0.02,"timestamp":1772552644945},{"is_buyer_maker":false,"price":628.1,"quantity":0.07,"timestamp":1772552644945},{"is_buyer_maker":false,"price":628.09,"quantity":0.02,"timestamp":1772552644945},{"is_buyer_maker":false,"price":628.1,"quantity":0.07,"timestamp":1772552644945},{"is_buyer_maker":false,"price":628.09,"quantity":0.02,"timestamp":1772552644945},{"is_buyer_maker":false,"price":628.1,"quantity":0.07,"timestamp":1772552644945},{"is_buyer_maker":false,"price":628.09,"quantity":0.02,"timestamp":1772552644945},{"is_buyer_maker":false,"price":628.1,"quantity":0.07,"timestamp":1772552644945},{"is_buyer_maker":false,"price":628.09,"quantity":0.02,"timestamp":1772552644945},{"is_buyer_maker":false,"price":628.1,"quantity":0.07,"timestamp":1772552644945},{"is_buyer_maker":false,"price":628.09,"quantity":0.02,"timestamp":1772552644945},{"is_buyer_maker":false,"price":628.1,"quantity":0.07,"timestamp":1772552644945},{"is_buyer_maker":false,"price":628.09,"quantity":0.02,"timestamp":1772552644945},{"is_buyer_maker":false,"price":628.1,"quantity":0.07,"timestamp":1772552644945},{"is_buyer_maker":false,"price":628.09,"quantity":0.02,"timestamp":1772552644945},{"is_buyer_maker":false,"price":628.1,"quantity":0.07,"timestamp":1772552644945},{"is_buyer_maker":false,"price":628.09,"quantity":0.02,"timestamp":1772552644945},{"is_buyer_maker":false,"price":628.1,"quantity":0.07,"timestamp":1772552644945},{"is_buyer_maker":false,"price":628.09,"quantity":0.02,"timestamp":1772552644945},{"is_buyer_maker":false,"price":628.1,"quantity":0.07,"timestamp":1772552644945},{"is_buyer_maker":false,"price":628.09,"quantity":0.02,"timestamp":1772552644945},{"is_buyer_maker":false,"price":628.1,"quantity":0.07,"timestamp":1772552644945},{"is_buyer_maker":false,"price":628.09,"quantity":0.02,"timestamp":1772552644945},{"is_buyer_maker":false,"price":628.1,"quantity":0.07,"timestamp":1772552644945},{"is_buyer_maker":false,"price":628.09,"quantity":0.02,"timestamp":1772552644945},{"is_buyer_maker":false,"price":628.1,"quantity":0.07,"timestamp":1772552644945},{"is_buyer_maker":true,"price":628.1,"quantity":0.81,"timestamp":1772552645429},{"is_buyer_maker":false,"price":628.11,"quantity":1.0,"timestamp":1772552645499},{"is_buyer_maker":false,"price":628.12,"quantity":2.06,"timestamp":1772552645499},{"is_buyer_maker":false,"price":628.11,"quantity":1.0,"timestamp":1772552645499},{"is_buyer_maker":false,"price":628.12,"quantity":2.06,"timestamp":1772552645499},{"is_buyer_maker":false,"price":628.11,"quantity":1.0,"timestamp":1772552645499},{"is_buyer_maker":false,"price":628.12,"quantity":2.06,"timestamp":1772552645499},{"is_buyer_maker":false,"price":628.11,"quantity":1.0,"timestamp":1772552645499},{"is_buyer_maker":false,"price":628.12,"quantity":2.06,"timestamp":1772552645499},{"is_buyer_maker":false,"price":628.11,"quantity":1.0,"timestamp":1772552645499},{"is_buyer_maker":false,"price":628.12,"quantity":2.06,"timestamp":1772552645499},{"is_buyer_maker":false,"price":628.11,"quantity":1.0,"timestamp":1772552645499},{"is_buyer_maker":false,"price":628.12,"quantity":2.06,"timestamp":1772552645499},{"is_buyer_maker":false,"price":628.11,"quantity":1.0,"timestamp":1772552645499},{"is_buyer_maker":false,"price":628.12,"quantity":2.06,"timestamp":1772552645499},{"is_buyer_maker":false,"price":628.11,"quantity":1.0,"timestamp":1772552645499},{"is_buyer_maker":false,"price":628.12,"quantity":2.06,"timestamp":1772552645499},{"is_buyer_maker":false,"price":628.11,"quantity":1.0,"timestamp":1772552645499},{"is_buyer_maker":false,"price":628.12,"quantity":2.06,"timestamp":1772552645499},{"is_buyer_maker":false,"price":628.11,"quantity":1.0,"timestamp":1772552645499},{"is_buyer_maker":false,"price":628.12,"quantity":2.06,"timestamp":1772552645499},{"is_buyer_maker":false,"price":628.11,"quantity":1.0,"timestamp":1772552645499},{"is_buyer_maker":false,"price":628.12,"quantity":2.06,"timestamp":1772552645499},{"is_buyer_maker":false,"price":628.11,"quantity":1.0,"timestamp":1772552645499},{"is_buyer_maker":false,"price":628.12,"quantity":2.06,"timestamp":1772552645499},{"is_buyer_maker":false,"price":628.11,"quantity":1.0,"timestamp":1772552645499},{"is_buyer_maker":false,"price":628.12,"quantity":2.06,"timestamp":1772552645499},{"is_buyer_maker":false,"price":628.11,"quantity":1.0,"timestamp":1772552645499},{"is_buyer_maker":false,"price":628.12,"quantity":2.06,"timestamp":1772552645499},{"is_buyer_maker":false,"price":628.11,"quantity":1.0,"timestamp":1772552645499},{"is_buyer_maker":false,"price":628.12,"quantity":2.06,"timestamp":1772552645499},{"is_buyer_maker":false,"price":628.11,"quantity":1.0,"timestamp":1772552645499},{"is_buyer_maker":false,"price":628.12,"quantity":2.06,"timestamp":1772552645499},{"is_buyer_maker":false,"price":628.11,"quantity":1.0,"timestamp":1772552645499},{"is_buyer_maker":false,"price":628.12,"quantity":2.06,"timestamp":1772552645499},{"is_buyer_maker":false,"price":628.11,"quantity":1.0,"timestamp":1772552645499},{"is_buyer_maker":false,"price":628.12,"quantity":2.06,"timestamp":1772552645499},{"is_buyer_maker":false,"price":628.11,"quantity":1.0,"timestamp":1772552645499},{"is_buyer_maker":false,"price":628.12,"quantity":2.06,"timestamp":1772552645499},{"is_buyer_maker":false,"price":628.13,"quantity":0.06,"timestamp":1772552645500},{"is_buyer_maker":false,"price":628.14,"quantity":7.27,"timestamp":1772552645500},{"is_buyer_maker":false,"price":628.13,"quantity":0.06,"timestamp":1772552645500},{"is_buyer_maker":false,"price":628.14,"quantity":7.27,"timestamp":1772552645500},{"is_buyer_maker":false,"price":628.13,"quantity":0.06,"timestamp":1772552645500},{"is_buyer_maker":false,"price":628.14,"quantity":7.27,"timestamp":1772552645500},{"is_buyer_maker":false,"price":628.13,"quantity":0.06,"timestamp":1772552645500},{"is_buyer_maker":false,"price":628.14,"quantity":7.27,"timestamp":1772552645500},{"is_buyer_maker":false,"price":628.13,"quantity":0.06,"timestamp":1772552645500},{"is_buyer_maker":false,"price":628.14,"quantity":7.27,"timestamp":1772552645500},{"is_buyer_maker":false,"price":628.13,"quantity":0.06,"timestamp":1772552645500},{"is_buyer_maker":false,"price":628.14,"quantity":7.27,"timestamp":1772552645500},{"is_buyer_maker":false,"price":628.13,"quantity":0.06,"timestamp":1772552645500},{"is_buyer_maker":false,"price":628.14,"quantity":7.27,"timestamp":1772552645500},{"is_buyer_maker":false,"price":628.13,"quantity":0.06,"timestamp":1772552645500},{"is_buyer_maker":false,"price":628.14,"quantity":7.27,"timestamp":1772552645500},{"is_buyer_maker":false,"price":628.13,"quantity":0.06,"timestamp":1772552645500},{"is_buyer_maker":false,"price":628.14,"quantity":7.27,"timestamp":1772552645500},{"is_buyer_maker":false,"price":628.13,"quantity":0.06,"timestamp":1772552645500},{"is_buyer_maker":false,"price":628.14,"quantity":7.27,"timestamp":1772552645500},{"is_buyer_maker":false,"price":628.13,"quantity":0.06,"timestamp":1772552645500},{"is_buyer_maker":false,"price":628.14,"quantity":7.27,"timestamp":1772552645500},{"is_buyer_maker":false,"price":628.13,"quantity":0.06,"timestamp":1772552645500},{"is_buyer_maker":false,"price":628.14,"quantity":7.27,"timestamp":1772552645500},{"is_buyer_maker":false,"price":628.13,"quantity":0.06,"timestamp":1772552645500},{"is_buyer_maker":false,"price":628.14,"quantity":7.27,"timestamp":1772552645500},{"is_buyer_maker":false,"price":628.13,"quantity":0.06,"timestamp":1772552645500},{"is_buyer_maker":false,"price":628.14,"quantity":7.27,"timestamp":1772552645500},{"is_buyer_maker":false,"price":628.13,"quantity":0.06,"timestamp":1772552645500},{"is_buyer_maker":false,"price":628.14,"quantity":7.27,"timestamp":1772552645500},{"is_buyer_maker":false,"price":628.13,"quantity":0.06,"timestamp":1772552645500},{"is_buyer_maker":false,"price":628.14,"quantity":7.27,"timestamp":1772552645500},{"is_buyer_maker":false,"price":628.13,"quantity":0.06,"timestamp":1772552645500},{"is_buyer_maker":false,"price":628.14,"quantity":7.27,"timestamp":1772552645500},{"is_buyer_maker":false,"price":628.13,"quantity":0.06,"timestamp":1772552645500},{"is_buyer_maker":false,"price":628.14,"quantity":7.27,"timestamp":1772552645500},{"is_buyer_maker":false,"price":628.13,"quantity":0.06,"timestamp":1772552645500},{"is_buyer_maker":false,"price":628.14,"quantity":7.27,"timestamp":1772552645500},{"is_buyer_maker":false,"price":628.15,"quantity":7.4,"timestamp":1772552645504},{"is_buyer_maker":false,"price":628.16,"quantity":0.03,"timestamp":1772552645504},{"is_buyer_maker":false,"price":628.17,"quantity":0.03,"timestamp":1772552645504},{"is_buyer_maker":false,"price":628.18,"quantity":0.03,"timestamp":1772552645504},{"is_buyer_maker":false,"price":628.19,"quantity":21.49,"timestamp":1772552645504},{"is_buyer_maker":false,"price":628.2,"quantity":0.06,"timestamp":1772552645504},{"is_buyer_maker":false,"price":628.15,"quantity":7.4,"timestamp":1772552645504},{"is_buyer_maker":false,"price":628.16,"quantity":0.03,"timestamp":1772552645504},{"is_buyer_maker":false,"price":628.17,"quantity":0.03,"timestamp":1772552645504},{"is_buyer_maker":false,"price":628.18,"quantity":0.03,"timestamp":1772552645504},{"is_buyer_maker":false,"price":628.19,"quantity":21.49,"timestamp":1772552645504},{"is_buyer_maker":false,"price":628.2,"quantity":0.06,"timestamp":1772552645504},{"is_buyer_maker":false,"price":628.15,"quantity":7.4,"timestamp":1772552645504},{"is_buyer_maker":false,"price":628.16,"quantity":0.03,"timestamp":1772552645504},{"is_buyer_maker":false,"price":628.17,"quantity":0.03,"timestamp":1772552645504},{"is_buyer_maker":false,"price":628.18,"quantity":0.03,"timestamp":1772552645504},{"is_buyer_maker":false,"price":628.19,"quantity":21.49,"timestamp":1772552645504},{"is_buyer_maker":false,"price":628.2,"quantity":0.06,"timestamp":1772552645504},{"is_buyer_maker":false,"price":628.15,"quantity":7.4,"timestamp":1772552645504},{"is_buyer_maker":false,"price":628.16,"quantity":0.03,"timestamp":1772552645504},{"is_buyer_maker":false,"price":628.17,"quantity":0.03,"timestamp":1772552645504},{"is_buyer_maker":false,"price":628.18,"quantity":0.03,"timestamp":1772552645504},{"is_buyer_maker":false,"price":628.19,"quantity":21.49,"timestamp":1772552645504},{"is_buyer_maker":false,"price":628.2,"quantity":0.06,"timestamp":1772552645504},{"is_buyer_maker":false,"price":628.15,"quantity":7.4,"timestamp":1772552645504},{"is_buyer_maker":false,"price":628.16,"quantity":0.03,"timestamp":1772552645504},{"is_buyer_maker":false,"price":628.17,"quantity":0.03,"timestamp":1772552645504},{"is_buyer_maker":false,"price":628.18,"quantity":0.03,"timestamp":1772552645504},{"is_buyer_maker":false,"price":628.19,"quantity":21.49,"timestamp":1772552645504},{"is_buyer_maker":false,"price":628.2,"quantity":0.06,"timestamp":1772552645504},{"is_buyer_maker":false,"price":628.15,"quantity":7.4,"timestamp":1772552645504},{"is_buyer_maker":false,"price":628.16,"quantity":0.03,"timestamp":1772552645504},{"is_buyer_maker":false,"price":628.17,"quantity":0.03,"timestamp":1772552645504},{"is_buyer_maker":false,"price":628.18,"quantity":0.03,"timestamp":1772552645504},{"is_buyer_maker":false,"price":628.19,"quantity":21.49,"timestamp":1772552645504},{"is_buyer_maker":false,"price":628.2,"quantity":0.06,"timestamp":1772552645504},{"is_buyer_maker":false,"price":628.15,"quantity":7.4,"timestamp":1772552645504},{"is_buyer_maker":false,"price":628.16,"quantity":0.03,"timestamp":1772552645504},{"is_buyer_maker":false,"price":628.17,"quantity":0.03,"timestamp":1772552645504},{"is_buyer_maker":false,"price":628.18,"quantity":0.03,"timestamp":1772552645504},{"is_buyer_maker":false,"price":628.19,"quantity":21.49,"timestamp":1772552645504},{"is_buyer_maker":false,"price":628.2,"quantity":0.06,"timestamp":1772552645504},{"is_buyer_maker":false,"price":628.15,"quantity":7.4,"timestamp":1772552645504},{"is_buyer_maker":false,"price":628.16,"quantity":0.03,"timestamp":1772552645504},{"is_buyer_maker":false,"price":628.17,"quantity":0.03,"timestamp":1772552645504},{"is_buyer_maker":false,"price":628.18,"quantity":0.03,"timestamp":1772552645504},{"is_buyer_maker":false,"price":628.19,"quantity":21.49,"timestamp":1772552645504},{"is_buyer_maker":false,"price":628.2,"quantity":0.06,"timestamp":1772552645504},{"is_buyer_maker":false,"price":628.15,"quantity":7.4,"timestamp":1772552645504},{"is_buyer_maker":false,"price":628.16,"quantity":0.03,"timestamp":1772552645504},{"is_buyer_maker":false,"price":628.17,"quantity":0.03,"timestamp":1772552645504},{"is_buyer_maker":false,"price":628.18,"quantity":0.03,"timestamp":1772552645504},{"is_buyer_maker":false,"price":628.19,"quantity":21.49,"timestamp":1772552645504},{"is_buyer_maker":false,"price":628.2,"quantity":0.06,"timestamp":1772552645504},{"is_buyer_maker":false,"price":628.15,"quantity":7.4,"timestamp":1772552645504},{"is_buyer_maker":false,"price":628.16,"quantity":0.03,"timestamp":1772552645504},{"is_buyer_maker":false,"price":628.17,"quantity":0.03,"timestamp":1772552645504},{"is_buyer_maker":false,"price":628.18,"quantity":0.03,"timestamp":1772552645504},{"is_buyer_maker":false,"price":628.19,"quantity":21.49,"timestamp":1772552645504},{"is_buyer_maker":false,"price":628.2,"quantity":0.06,"timestamp":1772552645504},{"is_buyer_maker":false,"price":628.15,"quantity":7.4,"timestamp":1772552645504},{"is_buyer_maker":false,"price":628.16,"quantity":0.03,"timestamp":1772552645504},{"is_buyer_maker":false,"price":628.17,"quantity":0.03,"timestamp":1772552645504},{"is_buyer_maker":false,"price":628.18,"quantity":0.03,"timestamp":1772552645504},{"is_buyer_maker":false,"price":628.19,"quantity":21.49,"timestamp":1772552645504},{"is_buyer_maker":false,"price":628.2,"quantity":0.06,"timestamp":1772552645504},{"is_buyer_maker":false,"price":628.15,"quantity":7.4,"timestamp":1772552645504},{"is_buyer_maker":false,"price":628.16,"quantity":0.03,"timestamp":1772552645504},{"is_buyer_maker":false,"price":628.17,"quantity":0.03,"timestamp":1772552645504},{"is_buyer_maker":false,"price":628.18,"quantity":0.03,"timestamp":1772552645504},{"is_buyer_maker":false,"price":628.19,"quantity":21.49,"timestamp":1772552645504},{"is_buyer_maker":false,"price":628.2,"quantity":0.06,"timestamp":1772552645504},{"is_buyer_maker":false,"price":628.15,"quantity":7.4,"timestamp":1772552645504},{"is_buyer_maker":false,"price":628.16,"quantity":0.03,"timestamp":1772552645504},{"is_buyer_maker":false,"price":628.17,"quantity":0.03,"timestamp":1772552645504},{"is_buyer_maker":false,"price":628.18,"quantity":0.03,"timestamp":1772552645504},{"is_buyer_maker":false,"price":628.19,"quantity":21.49,"timestamp":1772552645504},{"is_buyer_maker":false,"price":628.2,"quantity":0.06,"timestamp":1772552645504},{"is_buyer_maker":false,"price":628.15,"quantity":7.4,"timestamp":1772552645504},{"is_buyer_maker":false,"price":628.16,"quantity":0.03,"timestamp":1772552645504},{"is_buyer_maker":false,"price":628.17,"quantity":0.03,"timestamp":1772552645504},{"is_buyer_maker":false,"price":628.18,"quantity":0.03,"timestamp":1772552645504},{"is_buyer_maker":false,"price":628.19,"quantity":21.49,"timestamp":1772552645504},{"is_buyer_maker":false,"price":628.2,"quantity":0.06,"timestamp":1772552645504},{"is_buyer_maker":false,"price":628.15,"quantity":7.4,"timestamp":1772552645504},{"is_buyer_maker":false,"price":628.16,"quantity":0.03,"timestamp":1772552645504},{"is_buyer_maker":false,"price":628.17,"quantity":0.03,"timestamp":1772552645504},{"is_buyer_maker":false,"price":628.18,"quantity":0.03,"timestamp":1772552645504},{"is_buyer_maker":false,"price":628.19,"quantity":21.49,"timestamp":1772552645504},{"is_buyer_maker":false,"price":628.2,"quantity":0.06,"timestamp":1772552645504},{"is_buyer_maker":false,"price":628.15,"quantity":7.4,"timestamp":1772552645504},{"is_buyer_maker":false,"price":628.16,"quantity":0.03,"timestamp":1772552645504},{"is_buyer_maker":false,"price":628.17,"quantity":0.03,"timestamp":1772552645504},{"is_buyer_maker":false,"price":628.18,"quantity":0.03,"timestamp":1772552645504},{"is_buyer_maker":false,"price":628.19,"quantity":21.49,"timestamp":1772552645504},{"is_buyer_maker":false,"price":628.2,"quantity":0.06,"timestamp":1772552645504},{"is_buyer_maker":false,"price":628.15,"quantity":7.4,"timestamp":1772552645504},{"is_buyer_maker":false,"price":628.16,"quantity":0.03,"timestamp":1772552645504},{"is_buyer_maker":false,"price":628.17,"quantity":0.03,"timestamp":1772552645504},{"is_buyer_maker":false,"price":628.18,"quantity":0.03,"timestamp":1772552645504},{"is_buyer_maker":false,"price":628.19,"quantity":21.49,"timestamp":1772552645504},{"is_buyer_maker":false,"price":628.2,"quantity":0.06,"timestamp":1772552645504},{"is_buyer_maker":false,"price":628.15,"quantity":7.4,"timestamp":1772552645504},{"is_buyer_maker":false,"price":628.16,"quantity":0.03,"timestamp":1772552645504},{"is_buyer_maker":false,"price":628.17,"quantity":0.03,"timestamp":1772552645504},{"is_buyer_maker":false,"price":628.18,"quantity":0.03,"timestamp":1772552645504},{"is_buyer_maker":false,"price":628.19,"quantity":21.49,"timestamp":1772552645504},{"is_buyer_maker":false,"price":628.2,"quantity":0.06,"timestamp":1772552645504},{"is_buyer_maker":false,"price":628.15,"quantity":7.4,"timestamp":1772552645504},{"is_buyer_maker":false,"price":628.16,"quantity":0.03,"timestamp":1772552645504},{"is_buyer_maker":false,"price":628.17,"quantity":0.03,"timestamp":1772552645504},{"is_buyer_maker":false,"price":628.18,"quantity":0.03,"timestamp":1772552645504},{"is_buyer_maker":false,"price":628.19,"quantity":21.49,"timestamp":1772552645504},{"is_buyer_maker":false,"price":628.2,"quantity":0.06,"timestamp":1772552645504},{"is_buyer_maker":false,"price":628.21,"quantity":0.11,"timestamp":1772552645580},{"is_buyer_maker":true,"price":628.2,"quantity":0.2,"timestamp":1772552645619},{"is_buyer_maker":false,"price":628.21,"quantity":0.45,"timestamp":1772552645767},{"is_buyer_maker":false,"price":628.21,"quantity":0.45,"timestamp":1772552645879},{"is_buyer_maker":true,"price":628.2,"quantity":7.99,"timestamp":1772552645942},{"is_buyer_maker":true,"price":628.18,"quantity":0.03,"timestamp":1772552646001},{"is_buyer_maker":true,"price":628.17,"quantity":0.05,"timestamp":1772552646001},{"is_buyer_maker":true,"price":628.18,"quantity":0.03,"timestamp":1772552646001},{"is_buyer_maker":true,"price":628.17,"quantity":0.05,"timestamp":1772552646001},{"is_buyer_maker":true,"price":628.18,"quantity":0.03,"timestamp":1772552646001},{"is_buyer_maker":true,"price":628.17,"quantity":0.05,"timestamp":1772552646001},{"is_buyer_maker":true,"price":628.18,"quantity":0.03,"timestamp":1772552646001},{"is_buyer_maker":true,"price":628.17,"quantity":0.05,"timestamp":1772552646001},{"is_buyer_maker":true,"price":628.18,"quantity":0.03,"timestamp":1772552646001},{"is_buyer_maker":true,"price":628.17,"quantity":0.05,"timestamp":1772552646001},{"is_buyer_maker":true,"price":628.18,"quantity":0.03,"timestamp":1772552646001},{"is_buyer_maker":true,"price":628.17,"quantity":0.05,"timestamp":1772552646001},{"is_buyer_maker":true,"price":628.18,"quantity":0.03,"timestamp":1772552646001},{"is_buyer_maker":true,"price":628.17,"quantity":0.05,"timestamp":1772552646001},{"is_buyer_maker":true,"price":628.18,"quantity":0.03,"timestamp":1772552646001},{"is_buyer_maker":true,"price":628.17,"quantity":0.05,"timestamp":1772552646001},{"is_buyer_maker":true,"price":628.18,"quantity":0.03,"timestamp":1772552646001},{"is_buyer_maker":true,"price":628.17,"quantity":0.05,"timestamp":1772552646001},{"is_buyer_maker":true,"price":628.18,"quantity":0.03,"timestamp":1772552646001},{"is_buyer_maker":true,"price":628.17,"quantity":0.05,"timestamp":1772552646001},{"is_buyer_maker":true,"price":628.18,"quantity":0.03,"timestamp":1772552646001},{"is_buyer_maker":true,"price":628.17,"quantity":0.05,"timestamp":1772552646001},{"is_buyer_maker":true,"price":628.18,"quantity":0.03,"timestamp":1772552646001},{"is_buyer_maker":true,"price":628.17,"quantity":0.05,"timestamp":1772552646001},{"is_buyer_maker":true,"price":628.18,"quantity":0.03,"timestamp":1772552646001},{"is_buyer_maker":true,"price":628.17,"quantity":0.05,"timestamp":1772552646001},{"is_buyer_maker":true,"price":628.18,"quantity":0.03,"timestamp":1772552646001},{"is_buyer_maker":true,"price":628.17,"quantity":0.05,"timestamp":1772552646001},{"is_buyer_maker":true,"price":628.18,"quantity":0.03,"timestamp":1772552646001},{"is_buyer_maker":true,"price":628.17,"quantity":0.05,"timestamp":1772552646001},{"is_buyer_maker":true,"price":628.18,"quantity":0.03,"timestamp":1772552646001},{"is_buyer_maker":true,"price":628.17,"quantity":0.05,"timestamp":1772552646001},{"is_buyer_maker":true,"price":628.18,"quantity":0.03,"timestamp":1772552646001},{"is_buyer_maker":true,"price":628.17,"quantity":0.05,"timestamp":1772552646001},{"is_buyer_maker":true,"price":628.18,"quantity":0.03,"timestamp":1772552646001},{"is_buyer_maker":true,"price":628.17,"quantity":0.05,"timestamp":1772552646001},{"is_buyer_maker":true,"price":628.18,"quantity":0.03,"timestamp":1772552646001},{"is_buyer_maker":true,"price":628.17,"quantity":0.05,"timestamp":1772552646001},{"is_buyer_maker":true,"price":628.15,"quantity":0.06,"timestamp":1772552646010},{"is_buyer_maker":true,"price":628.15,"quantity":0.77,"timestamp":1772552646491},{"is_buyer_maker":false,"price":628.16,"quantity":4.49,"timestamp":1772552646533},{"is_buyer_maker":false,"price":628.17,"quantity":0.01,"timestamp":1772552646533},{"is_buyer_maker":false,"price":628.16,"quantity":4.49,"timestamp":1772552646533},{"is_buyer_maker":false,"price":628.17,"quantity":0.01,"timestamp":1772552646533},{"is_buyer_maker":false,"price":628.16,"quantity":4.49,"timestamp":1772552646533},{"is_buyer_maker":false,"price":628.17,"quantity":0.01,"timestamp":1772552646533},{"is_buyer_maker":false,"price":628.16,"quantity":4.49,"timestamp":1772552646533},{"is_buyer_maker":false,"price":628.17,"quantity":0.01,"timestamp":1772552646533},{"is_buyer_maker":false,"price":628.16,"quantity":4.49,"timestamp":1772552646533},{"is_buyer_maker":false,"price":628.17,"quantity":0.01,"timestamp":1772552646533},{"is_buyer_maker":false,"price":628.16,"quantity":4.49,"timestamp":1772552646533},{"is_buyer_maker":false,"price":628.17,"quantity":0.01,"timestamp":1772552646533},{"is_buyer_maker":false,"price":628.16,"quantity":4.49,"timestamp":1772552646533},{"is_buyer_maker":false,"price":628.17,"quantity":0.01,"timestamp":1772552646533},{"is_buyer_maker":false,"price":628.16,"quantity":4.49,"timestamp":1772552646533},{"is_buyer_maker":false,"price":628.17,"quantity":0.01,"timestamp":1772552646533},{"is_buyer_maker":false,"price":628.16,"quantity":4.49,"timestamp":1772552646533},{"is_buyer_maker":false,"price":628.17,"quantity":0.01,"timestamp":1772552646533},{"is_buyer_maker":false,"price":628.16,"quantity":4.49,"timestamp":1772552646533},{"is_buyer_maker":false,"price":628.17,"quantity":0.01,"timestamp":1772552646533},{"is_buyer_maker":false,"price":628.16,"quantity":4.49,"timestamp":1772552646533},{"is_buyer_maker":false,"price":628.17,"quantity":0.01,"timestamp":1772552646533},{"is_buyer_maker":false,"price":628.16,"quantity":4.49,"timestamp":1772552646533},{"is_buyer_maker":false,"price":628.17,"quantity":0.01,"timestamp":1772552646533},{"is_buyer_maker":false,"price":628.16,"quantity":4.49,"timestamp":1772552646533},{"is_buyer_maker":false,"price":628.17,"quantity":0.01,"timestamp":1772552646533},{"is_buyer_maker":false,"price":628.16,"quantity":4.49,"timestamp":1772552646533},{"is_buyer_maker":false,"price":628.17,"quantity":0.01,"timestamp":1772552646533},{"is_buyer_maker":false,"price":628.16,"quantity":4.49,"timestamp":1772552646533},{"is_buyer_maker":false,"price":628.17,"quantity":0.01,"timestamp":1772552646533},{"is_buyer_maker":false,"price":628.16,"quantity":4.49,"timestamp":1772552646533},{"is_buyer_maker":false,"price":628.17,"quantity":0.01,"timestamp":1772552646533},{"is_buyer_maker":false,"price":628.16,"quantity":4.49,"timestamp":1772552646533},{"is_buyer_maker":false,"price":628.17,"quantity":0.01,"timestamp":1772552646533},{"is_buyer_maker":false,"price":628.16,"quantity":4.49,"timestamp":1772552646533},{"is_buyer_maker":false,"price":628.17,"quantity":0.01,"timestamp":1772552646533},{"is_buyer_maker":false,"price":628.16,"quantity":4.49,"timestamp":1772552646533},{"is_buyer_maker":false,"price":628.17,"quantity":0.01,"timestamp":1772552646533},{"is_buyer_maker":false,"price":628.2,"quantity":0.09,"timestamp":1772552646552},{"is_buyer_maker":false,"price":628.2,"quantity":3.29,"timestamp":1772552647162},{"is_buyer_maker":false,"price":628.21,"quantity":0.72,"timestamp":1772552647209},{"is_buyer_maker":false,"price":628.22,"quantity":0.05,"timestamp":1772552647210},{"is_buyer_maker":false,"price":628.23,"quantity":0.07,"timestamp":1772552647210},{"is_buyer_maker":false,"price":628.24,"quantity":4.0,"timestamp":1772552647210},{"is_buyer_maker":false,"price":628.25,"quantity":0.01,"timestamp":1772552647210},{"is_buyer_maker":false,"price":628.22,"quantity":0.05,"timestamp":1772552647210},{"is_buyer_maker":false,"price":628.23,"quantity":0.07,"timestamp":1772552647210},{"is_buyer_maker":false,"price":628.24,"quantity":4.0,"timestamp":1772552647210},{"is_buyer_maker":false,"price":628.25,"quantity":0.01,"timestamp":1772552647210},{"is_buyer_maker":false,"price":628.22,"quantity":0.05,"timestamp":1772552647210},{"is_buyer_maker":false,"price":628.23,"quantity":0.07,"timestamp":1772552647210},{"is_buyer_maker":false,"price":628.24,"quantity":4.0,"timestamp":1772552647210},{"is_buyer_maker":false,"price":628.25,"quantity":0.01,"timestamp":1772552647210},{"is_buyer_maker":false,"price":628.22,"quantity":0.05,"timestamp":1772552647210},{"is_buyer_maker":false,"price":628.23,"quantity":0.07,"timestamp":1772552647210},{"is_buyer_maker":false,"price":628.24,"quantity":4.0,"timestamp":1772552647210},{"is_buyer_maker":false,"price":628.25,"quantity":0.01,"timestamp":1772552647210},{"is_buyer_maker":false,"price":628.22,"quantity":0.05,"timestamp":1772552647210},{"is_buyer_maker":false,"price":628.23,"quantity":0.07,"timestamp":1772552647210},{"is_buyer_maker":false,"price":628.24,"quantity":4.0,"timestamp":1772552647210},{"is_buyer_maker":false,"price":628.25,"quantity":0.01,"timestamp":1772552647210},{"is_buyer_maker":false,"price":628.22,"quantity":0.05,"timestamp":1772552647210},{"is_buyer_maker":false,"price":628.23,"quantity":0.07,"timestamp":1772552647210},{"is_buyer_maker":false,"price":628.24,"quantity":4.0,"timestamp":1772552647210},{"is_buyer_maker":false,"price":628.25,"quantity":0.01,"timestamp":1772552647210},{"is_buyer_maker":false,"price":628.22,"quantity":0.05,"timestamp":1772552647210},{"is_buyer_maker":false,"price":628.23,"quantity":0.07,"timestamp":1772552647210},{"is_buyer_maker":false,"price":628.24,"quantity":4.0,"timestamp":1772552647210},{"is_buyer_maker":false,"price":628.25,"quantity":0.01,"timestamp":1772552647210},{"is_buyer_maker":false,"price":628.22,"quantity":0.05,"timestamp":1772552647210},{"is_buyer_maker":false,"price":628.23,"quantity":0.07,"timestamp":1772552647210},{"is_buyer_maker":false,"price":628.24,"quantity":4.0,"timestamp":1772552647210},{"is_buyer_maker":false,"price":628.25,"quantity":0.01,"timestamp":1772552647210},{"is_buyer_maker":false,"price":628.22,"quantity":0.05,"timestamp":1772552647210},{"is_buyer_maker":false,"price":628.23,"quantity":0.07,"timestamp":1772552647210},{"is_buyer_maker":false,"price":628.24,"quantity":4.0,"timestamp":1772552647210},{"is_buyer_maker":false,"price":628.25,"quantity":0.01,"timestamp":1772552647210},{"is_buyer_maker":false,"price":628.22,"quantity":0.05,"timestamp":1772552647210},{"is_buyer_maker":false,"price":628.23,"quantity":0.07,"timestamp":1772552647210},{"is_buyer_maker":false,"price":628.24,"quantity":4.0,"timestamp":1772552647210},{"is_buyer_maker":false,"price":628.25,"quantity":0.01,"timestamp":1772552647210},{"is_buyer_maker":false,"price":628.22,"quantity":0.05,"timestamp":1772552647210},{"is_buyer_maker":false,"price":628.23,"quantity":0.07,"timestamp":1772552647210},{"is_buyer_maker":false,"price":628.24,"quantity":4.0,"timestamp":1772552647210},{"is_buyer_maker":false,"price":628.25,"quantity":0.01,"timestamp":1772552647210},{"is_buyer_maker":false,"price":628.22,"quantity":0.05,"timestamp":1772552647210},{"is_buyer_maker":false,"price":628.23,"quantity":0.07,"timestamp":1772552647210},{"is_buyer_maker":false,"price":628.24,"quantity":4.0,"timestamp":1772552647210},{"is_buyer_maker":false,"price":628.25,"quantity":0.01,"timestamp":1772552647210},{"is_buyer_maker":false,"price":628.22,"quantity":0.05,"timestamp":1772552647210},{"is_buyer_maker":false,"price":628.23,"quantity":0.07,"timestamp":1772552647210},{"is_buyer_maker":false,"price":628.24,"quantity":4.0,"timestamp":1772552647210},{"is_buyer_maker":false,"price":628.25,"quantity":0.01,"timestamp":1772552647210},{"is_buyer_maker":false,"price":628.22,"quantity":0.05,"timestamp":1772552647210},{"is_buyer_maker":false,"price":628.23,"quantity":0.07,"timestamp":1772552647210},{"is_buyer_maker":false,"price":628.24,"quantity":4.0,"timestamp":1772552647210},{"is_buyer_maker":false,"price":628.25,"quantity":0.01,"timestamp":1772552647210},{"is_buyer_maker":false,"price":628.22,"quantity":0.05,"timestamp":1772552647210},{"is_buyer_maker":false,"price":628.23,"quantity":0.07,"timestamp":1772552647210},{"is_buyer_maker":false,"price":628.24,"quantity":4.0,"timestamp":1772552647210},{"is_buyer_maker":false,"price":628.25,"quantity":0.01,"timestamp":1772552647210},{"is_buyer_maker":false,"price":628.22,"quantity":0.05,"timestamp":1772552647210},{"is_buyer_maker":false,"price":628.23,"quantity":0.07,"timestamp":1772552647210},{"is_buyer_maker":false,"price":628.24,"quantity":4.0,"timestamp":1772552647210},{"is_buyer_maker":false,"price":628.25,"quantity":0.01,"timestamp":1772552647210},{"is_buyer_maker":false,"price":628.22,"quantity":0.05,"timestamp":1772552647210},{"is_buyer_maker":false,"price":628.23,"quantity":0.07,"timestamp":1772552647210},{"is_buyer_maker":false,"price":628.24,"quantity":4.0,"timestamp":1772552647210},{"is_buyer_maker":false,"price":628.25,"quantity":0.01,"timestamp":1772552647210},{"is_buyer_maker":false,"price":628.22,"quantity":0.05,"timestamp":1772552647210},{"is_buyer_maker":false,"price":628.23,"quantity":0.07,"timestamp":1772552647210},{"is_buyer_maker":false,"price":628.24,"quantity":4.0,"timestamp":1772552647210},{"is_buyer_maker":false,"price":628.25,"quantity":0.01,"timestamp":1772552647210},{"is_buyer_maker":false,"price":628.22,"quantity":0.05,"timestamp":1772552647210},{"is_buyer_maker":false,"price":628.23,"quantity":0.07,"timestamp":1772552647210},{"is_buyer_maker":false,"price":628.24,"quantity":4.0,"timestamp":1772552647210},{"is_buyer_maker":false,"price":628.25,"quantity":0.01,"timestamp":1772552647210},{"is_buyer_maker":false,"price":628.26,"quantity":0.16,"timestamp":1772552647218},{"is_buyer_maker":true,"price":628.25,"quantity":26.82,"timestamp":1772552647382},{"is_buyer_maker":true,"price":628.23,"quantity":0.03,"timestamp":1772552647444},{"is_buyer_maker":true,"price":628.22,"quantity":2.7,"timestamp":1772552647479},{"is_buyer_maker":true,"price":628.21,"quantity":3.94,"timestamp":1772552647483},{"is_buyer_maker":true,"price":628.2,"quantity":0.02,"timestamp":1772552647486},{"is_buyer_maker":true,"price":628.17,"quantity":0.77,"timestamp":1772552647563},{"is_buyer_maker":false,"price":628.18,"quantity":0.45,"timestamp":1772552647613},{"is_buyer_maker":true,"price":628.17,"quantity":0.01,"timestamp":1772552647664},{"is_buyer_maker":true,"price":628.17,"quantity":0.77,"timestamp":1772552648539},{"is_buyer_maker":false,"price":628.18,"quantity":0.02,"timestamp":1772552648746},{"is_buyer_maker":true,"price":628.17,"quantity":4.4,"timestamp":1772552648773},{"is_buyer_maker":true,"price":628.16,"quantity":0.02,"timestamp":1772552648776},{"is_buyer_maker":true,"price":628.15,"quantity":0.02,"timestamp":1772552648798},{"is_buyer_maker":true,"price":628.14,"quantity":0.02,"timestamp":1772552648807},{"is_buyer_maker":true,"price":628.13,"quantity":0.02,"timestamp":1772552648807},{"is_buyer_maker":true,"price":628.12,"quantity":0.04,"timestamp":1772552648807},{"is_buyer_maker":true,"price":628.14,"quantity":0.02,"timestamp":1772552648807},{"is_buyer_maker":true,"price":628.13,"quantity":0.02,"timestamp":1772552648807},{"is_buyer_maker":true,"price":628.12,"quantity":0.04,"timestamp":1772552648807},{"is_buyer_maker":true,"price":628.14,"quantity":0.02,"timestamp":1772552648807},{"is_buyer_maker":true,"price":628.13,"quantity":0.02,"timestamp":1772552648807},{"is_buyer_maker":true,"price":628.12,"quantity":0.04,"timestamp":1772552648807},{"is_buyer_maker":true,"price":628.14,"quantity":0.02,"timestamp":1772552648807},{"is_buyer_maker":true,"price":628.13,"quantity":0.02,"timestamp":1772552648807},{"is_buyer_maker":true,"price":628.12,"quantity":0.04,"timestamp":1772552648807},{"is_buyer_maker":true,"price":628.14,"quantity":0.02,"timestamp":1772552648807},{"is_buyer_maker":true,"price":628.13,"quantity":0.02,"timestamp":1772552648807},{"is_buyer_maker":true,"price":628.12,"quantity":0.04,"timestamp":1772552648807},{"is_buyer_maker":true,"price":628.14,"quantity":0.02,"timestamp":1772552648807},{"is_buyer_maker":true,"price":628.13,"quantity":0.02,"timestamp":1772552648807},{"is_buyer_maker":true,"price":628.12,"quantity":0.04,"timestamp":1772552648807},{"is_buyer_maker":true,"price":628.14,"quantity":0.02,"timestamp":1772552648807},{"is_buyer_maker":true,"price":628.13,"quantity":0.02,"timestamp":1772552648807},{"is_buyer_maker":true,"price":628.12,"quantity":0.04,"timestamp":1772552648807},{"is_buyer_maker":true,"price":628.14,"quantity":0.02,"timestamp":1772552648807},{"is_buyer_maker":true,"price":628.13,"quantity":0.02,"timestamp":1772552648807},{"is_buyer_maker":true,"price":628.12,"quantity":0.04,"timestamp":1772552648807},{"is_buyer_maker":true,"price":628.14,"quantity":0.02,"timestamp":1772552648807},{"is_buyer_maker":true,"price":628.13,"quantity":0.02,"timestamp":1772552648807},{"is_buyer_maker":true,"price":628.12,"quantity":0.04,"timestamp":1772552648807},{"is_buyer_maker":true,"price":628.14,"quantity":0.02,"timestamp":1772552648807},{"is_buyer_maker":true,"price":628.13,"quantity":0.02,"timestamp":1772552648807},{"is_buyer_maker":true,"price":628.12,"quantity":0.04,"timestamp":1772552648807},{"is_buyer_maker":true,"price":628.14,"quantity":0.02,"timestamp":1772552648807},{"is_buyer_maker":true,"price":628.13,"quantity":0.02,"timestamp":1772552648807},{"is_buyer_maker":true,"price":628.12,"quantity":0.04,"timestamp":1772552648807},{"is_buyer_maker":true,"price":628.14,"quantity":0.02,"timestamp":1772552648807},{"is_buyer_maker":true,"price":628.13,"quantity":0.02,"timestamp":1772552648807},{"is_buyer_maker":true,"price":628.12,"quantity":0.04,"timestamp":1772552648807},{"is_buyer_maker":true,"price":628.14,"quantity":0.02,"timestamp":1772552648807},{"is_buyer_maker":true,"price":628.13,"quantity":0.02,"timestamp":1772552648807},{"is_buyer_maker":true,"price":628.12,"quantity":0.04,"timestamp":1772552648807},{"is_buyer_maker":true,"price":628.14,"quantity":0.02,"timestamp":1772552648807},{"is_buyer_maker":true,"price":628.13,"quantity":0.02,"timestamp":1772552648807},{"is_buyer_maker":true,"price":628.12,"quantity":0.04,"timestamp":1772552648807},{"is_buyer_maker":true,"price":628.14,"quantity":0.02,"timestamp":1772552648807},{"is_buyer_maker":true,"price":628.13,"quantity":0.02,"timestamp":1772552648807},{"is_buyer_maker":true,"price":628.12,"quantity":0.04,"timestamp":1772552648807},{"is_buyer_maker":true,"price":628.14,"quantity":0.02,"timestamp":1772552648807},{"is_buyer_maker":true,"price":628.13,"quantity":0.02,"timestamp":1772552648807},{"is_buyer_maker":true,"price":628.12,"quantity":0.04,"timestamp":1772552648807},{"is_buyer_maker":true,"price":628.14,"quantity":0.02,"timestamp":1772552648807},{"is_buyer_maker":true,"price":628.13,"quantity":0.02,"timestamp":1772552648807},{"is_buyer_maker":true,"price":628.12,"quantity":0.04,"timestamp":1772552648807},{"is_buyer_maker":true,"price":628.14,"quantity":0.02,"timestamp":1772552648807},{"is_buyer_maker":true,"price":628.13,"quantity":0.02,"timestamp":1772552648807},{"is_buyer_maker":true,"price":628.12,"quantity":0.04,"timestamp":1772552648807},{"is_buyer_maker":true,"price":628.14,"quantity":0.02,"timestamp":1772552648807},{"is_buyer_maker":true,"price":628.13,"quantity":0.02,"timestamp":1772552648807},{"is_buyer_maker":true,"price":628.12,"quantity":0.04,"timestamp":1772552648807},{"is_buyer_maker":false,"price":628.12,"quantity":3.38,"timestamp":1772552648958},{"is_buyer_maker":true,"price":628.11,"quantity":1.74,"timestamp":1772552649549},{"is_buyer_maker":false,"price":628.12,"quantity":0.22,"timestamp":1772552649965},{"is_buyer_maker":true,"price":628.11,"quantity":1.74,"timestamp":1772552650065},{"is_buyer_maker":true,"price":628.11,"quantity":0.26,"timestamp":1772552650343},{"is_buyer_maker":true,"price":628.1,"quantity":0.45,"timestamp":1772552650383},{"is_buyer_maker":true,"price":628.09,"quantity":0.04,"timestamp":1772552650383},{"is_buyer_maker":true,"price":628.1,"quantity":0.45,"timestamp":1772552650383},{"is_buyer_maker":true,"price":628.09,"quantity":0.04,"timestamp":1772552650383},{"is_buyer_maker":true,"price":628.1,"quantity":0.45,"timestamp":1772552650383},{"is_buyer_maker":true,"price":628.09,"quantity":0.04,"timestamp":1772552650383},{"is_buyer_maker":true,"price":628.1,"quantity":0.45,"timestamp":1772552650383},{"is_buyer_maker":true,"price":628.09,"quantity":0.04,"timestamp":1772552650383},{"is_buyer_maker":true,"price":628.1,"quantity":0.45,"timestamp":1772552650383},{"is_buyer_maker":true,"price":628.09,"quantity":0.04,"timestamp":1772552650383},{"is_buyer_maker":true,"price":628.1,"quantity":0.45,"timestamp":1772552650383},{"is_buyer_maker":true,"price":628.09,"quantity":0.04,"timestamp":1772552650383},{"is_buyer_maker":true,"price":628.1,"quantity":0.45,"timestamp":1772552650383},{"is_buyer_maker":true,"price":628.09,"quantity":0.04,"timestamp":1772552650383},{"is_buyer_maker":true,"price":628.1,"quantity":0.45,"timestamp":1772552650383},{"is_buyer_maker":true,"price":628.09,"quantity":0.04,"timestamp":1772552650383},{"is_buyer_maker":true,"price":628.1,"quantity":0.45,"timestamp":1772552650383},{"is_buyer_maker":true,"price":628.09,"quantity":0.04,"timestamp":1772552650383},{"is_buyer_maker":true,"price":628.1,"quantity":0.45,"timestamp":1772552650383},{"is_buyer_maker":true,"price":628.09,"quantity":0.04,"timestamp":1772552650383},{"is_buyer_maker":true,"price":628.1,"quantity":0.45,"timestamp":1772552650383},{"is_buyer_maker":true,"price":628.09,"quantity":0.04,"timestamp":1772552650383},{"is_buyer_maker":true,"price":628.1,"quantity":0.45,"timestamp":1772552650383},{"is_buyer_maker":true,"price":628.09,"quantity":0.04,"timestamp":1772552650383},{"is_buyer_maker":true,"price":628.1,"quantity":0.45,"timestamp":1772552650383},{"is_buyer_maker":true,"price":628.09,"quantity":0.04,"timestamp":1772552650383},{"is_buyer_maker":true,"price":628.1,"quantity":0.45,"timestamp":1772552650383},{"is_buyer_maker":true,"price":628.09,"quantity":0.04,"timestamp":1772552650383},{"is_buyer_maker":true,"price":628.1,"quantity":0.45,"timestamp":1772552650383},{"is_buyer_maker":true,"price":628.09,"quantity":0.04,"timestamp":1772552650383},{"is_buyer_maker":true,"price":628.1,"quantity":0.45,"timestamp":1772552650383},{"is_buyer_maker":true,"price":628.09,"quantity":0.04,"timestamp":1772552650383},{"is_buyer_maker":true,"price":628.1,"quantity":0.45,"timestamp":1772552650383},{"is_buyer_maker":true,"price":628.09,"quantity":0.04,"timestamp":1772552650383},{"is_buyer_maker":true,"price":628.1,"quantity":0.45,"timestamp":1772552650383},{"is_buyer_maker":true,"price":628.09,"quantity":0.04,"timestamp":1772552650383},{"is_buyer_maker":true,"price":628.1,"quantity":0.45,"timestamp":1772552650383},{"is_buyer_maker":true,"price":628.09,"quantity":0.04,"timestamp":1772552650383},{"is_buyer_maker":true,"price":628.07,"quantity":0.03,"timestamp":1772552650391},{"is_buyer_maker":true,"price":628.06,"quantity":0.76,"timestamp":1772552650461},{"is_buyer_maker":true,"price":628.06,"quantity":0.18,"timestamp":1772552650598},{"is_buyer_maker":true,"price":628.06,"quantity":0.69,"timestamp":1772552651086},{"is_buyer_maker":true,"price":628.04,"quantity":0.07,"timestamp":1772552651177},{"is_buyer_maker":true,"price":628.03,"quantity":0.06,"timestamp":1772552651177},{"is_buyer_maker":true,"price":628.04,"quantity":0.07,"timestamp":1772552651177},{"is_buyer_maker":true,"price":628.03,"quantity":0.06,"timestamp":1772552651177},{"is_buyer_maker":true,"price":628.04,"quantity":0.07,"timestamp":1772552651177},{"is_buyer_maker":true,"price":628.03,"quantity":0.06,"timestamp":1772552651177},{"is_buyer_maker":true,"price":628.04,"quantity":0.07,"timestamp":1772552651177},{"is_buyer_maker":true,"price":628.03,"quantity":0.06,"timestamp":1772552651177},{"is_buyer_maker":true,"price":628.04,"quantity":0.07,"timestamp":1772552651177},{"is_buyer_maker":true,"price":628.03,"quantity":0.06,"timestamp":1772552651177},{"is_buyer_maker":true,"price":628.04,"quantity":0.07,"timestamp":1772552651177},{"is_buyer_maker":true,"price":628.03,"quantity":0.06,"timestamp":1772552651177},{"is_buyer_maker":true,"price":628.04,"quantity":0.07,"timestamp":1772552651177},{"is_buyer_maker":true,"price":628.03,"quantity":0.06,"timestamp":1772552651177},{"is_buyer_maker":true,"price":628.04,"quantity":0.07,"timestamp":1772552651177},{"is_buyer_maker":true,"price":628.03,"quantity":0.06,"timestamp":1772552651177},{"is_buyer_maker":true,"price":628.04,"quantity":0.07,"timestamp":1772552651177},{"is_buyer_maker":true,"price":628.03,"quantity":0.06,"timestamp":1772552651177},{"is_buyer_maker":true,"price":628.04,"quantity":0.07,"timestamp":1772552651177},{"is_buyer_maker":true,"price":628.03,"quantity":0.06,"timestamp":1772552651177},{"is_buyer_maker":true,"price":628.04,"quantity":0.07,"timestamp":1772552651177},{"is_buyer_maker":true,"price":628.03,"quantity":0.06,"timestamp":1772552651177},{"is_buyer_maker":true,"price":628.04,"quantity":0.07,"timestamp":1772552651177},{"is_buyer_maker":true,"price":628.03,"quantity":0.06,"timestamp":1772552651177},{"is_buyer_maker":true,"price":628.04,"quantity":0.07,"timestamp":1772552651177},{"is_buyer_maker":true,"price":628.03,"quantity":0.06,"timestamp":1772552651177},{"is_buyer_maker":true,"price":628.04,"quantity":0.07,"timestamp":1772552651177},{"is_buyer_maker":true,"price":628.03,"quantity":0.06,"timestamp":1772552651177},{"is_buyer_maker":true,"price":628.04,"quantity":0.07,"timestamp":1772552651177},{"is_buyer_maker":true,"price":628.03,"quantity":0.06,"timestamp":1772552651177},{"is_buyer_maker":true,"price":628.04,"quantity":0.07,"timestamp":1772552651177},{"is_buyer_maker":true,"price":628.03,"quantity":0.06,"timestamp":1772552651177},{"is_buyer_maker":true,"price":628.04,"quantity":0.07,"timestamp":1772552651177},{"is_buyer_maker":true,"price":628.03,"quantity":0.06,"timestamp":1772552651177},{"is_buyer_maker":true,"price":628.04,"quantity":0.07,"timestamp":1772552651177},{"is_buyer_maker":true,"price":628.03,"quantity":0.06,"timestamp":1772552651177},{"is_buyer_maker":true,"price":628.04,"quantity":0.07,"timestamp":1772552651177},{"is_buyer_maker":true,"price":628.03,"quantity":0.06,"timestamp":1772552651177},{"is_buyer_maker":true,"price":628.02,"quantity":0.07,"timestamp":1772552651178},{"is_buyer_maker":true,"price":628.01,"quantity":0.03,"timestamp":1772552651238},{"is_buyer_maker":true,"price":628.0,"quantity":14.52,"timestamp":1772552651342},{"is_buyer_maker":true,"price":627.99,"quantity":0.02,"timestamp":1772552651342},{"is_buyer_maker":true,"price":628.0,"quantity":14.52,"timestamp":1772552651342},{"is_buyer_maker":true,"price":627.99,"quantity":0.02,"timestamp":1772552651342},{"is_buyer_maker":true,"price":628.0,"quantity":14.52,"timestamp":1772552651342},{"is_buyer_maker":true,"price":627.99,"quantity":0.02,"timestamp":1772552651342},{"is_buyer_maker":true,"price":628.0,"quantity":14.52,"timestamp":1772552651342},{"is_buyer_maker":true,"price":627.99,"quantity":0.02,"timestamp":1772552651342},{"is_buyer_maker":true,"price":628.0,"quantity":14.52,"timestamp":1772552651342},{"is_buyer_maker":true,"price":627.99,"quantity":0.02,"timestamp":1772552651342},{"is_buyer_maker":true,"price":628.0,"quantity":14.52,"timestamp":1772552651342},{"is_buyer_maker":true,"price":627.99,"quantity":0.02,"timestamp":1772552651342},{"is_buyer_maker":true,"price":628.0,"quantity":14.52,"timestamp":1772552651342},{"is_buyer_maker":true,"price":627.99,"quantity":0.02,"timestamp":1772552651342},{"is_buyer_maker":true,"price":628.0,"quantity":14.52,"timestamp":1772552651342},{"is_buyer_maker":true,"price":627.99,"quantity":0.02,"timestamp":1772552651342},{"is_buyer_maker":true,"price":628.0,"quantity":14.52,"timestamp":1772552651342},{"is_buyer_maker":true,"price":627.99,"quantity":0.02,"timestamp":1772552651342},{"is_buyer_maker":true,"price":628.0,"quantity":14.52,"timestamp":1772552651342},{"is_buyer_maker":true,"price":627.99,"quantity":0.02,"timestamp":1772552651342},{"is_buyer_maker":true,"price":628.0,"quantity":14.52,"timestamp":1772552651342},{"is_buyer_maker":true,"price":627.99,"quantity":0.02,"timestamp":1772552651342},{"is_buyer_maker":true,"price":628.0,"quantity":14.52,"timestamp":1772552651342},{"is_buyer_maker":true,"price":627.99,"quantity":0.02,"timestamp":1772552651342},{"is_buyer_maker":true,"price":628.0,"quantity":14.52,"timestamp":1772552651342},{"is_buyer_maker":true,"price":627.99,"quantity":0.02,"timestamp":1772552651342},{"is_buyer_maker":true,"price":628.0,"quantity":14.52,"timestamp":1772552651342},{"is_buyer_maker":true,"price":627.99,"quantity":0.02,"timestamp":1772552651342},{"is_buyer_maker":true,"price":628.0,"quantity":14.52,"timestamp":1772552651342},{"is_buyer_maker":true,"price":627.99,"quantity":0.02,"timestamp":1772552651342},{"is_buyer_maker":true,"price":628.0,"quantity":14.52,"timestamp":1772552651342},{"is_buyer_maker":true,"price":627.99,"quantity":0.02,"timestamp":1772552651342},{"is_buyer_maker":true,"price":628.0,"quantity":14.52,"timestamp":1772552651342},{"is_buyer_maker":true,"price":627.99,"quantity":0.02,"timestamp":1772552651342},{"is_buyer_maker":true,"price":628.0,"quantity":14.52,"timestamp":1772552651342},{"is_buyer_maker":true,"price":627.99,"quantity":0.02,"timestamp":1772552651342},{"is_buyer_maker":true,"price":628.0,"quantity":14.52,"timestamp":1772552651342},{"is_buyer_maker":true,"price":627.99,"quantity":0.02,"timestamp":1772552651342},{"is_buyer_maker":true,"price":627.98,"quantity":0.04,"timestamp":1772552651344},{"is_buyer_maker":true,"price":627.96,"quantity":0.04,"timestamp":1772552651344},{"is_buyer_maker":true,"price":627.98,"quantity":0.04,"timestamp":1772552651344},{"is_buyer_maker":true,"price":627.96,"quantity":0.04,"timestamp":1772552651344},{"is_buyer_maker":true,"price":627.98,"quantity":0.04,"timestamp":1772552651344},{"is_buyer_maker":true,"price":627.96,"quantity":0.04,"timestamp":1772552651344},{"is_buyer_maker":true,"price":627.98,"quantity":0.04,"timestamp":1772552651344},{"is_buyer_maker":true,"price":627.96,"quantity":0.04,"timestamp":1772552651344},{"is_buyer_maker":true,"price":627.98,"quantity":0.04,"timestamp":1772552651344},{"is_buyer_maker":true,"price":627.96,"quantity":0.04,"timestamp":1772552651344},{"is_buyer_maker":true,"price":627.98,"quantity":0.04,"timestamp":1772552651344},{"is_buyer_maker":true,"price":627.96,"quantity":0.04,"timestamp":1772552651344},{"is_buyer_maker":true,"price":627.98,"quantity":0.04,"timestamp":1772552651344},{"is_buyer_maker":true,"price":627.96,"quantity":0.04,"timestamp":1772552651344},{"is_buyer_maker":true,"price":627.98,"quantity":0.04,"timestamp":1772552651344},{"is_buyer_maker":true,"price":627.96,"quantity":0.04,"timestamp":1772552651344},{"is_buyer_maker":true,"price":627.98,"quantity":0.04,"timestamp":1772552651344},{"is_buyer_maker":true,"price":627.96,"quantity":0.04,"timestamp":1772552651344},{"is_buyer_maker":true,"price":627.98,"quantity":0.04,"timestamp":1772552651344},{"is_buyer_maker":true,"price":627.96,"quantity":0.04,"timestamp":1772552651344},{"is_buyer_maker":true,"price":627.98,"quantity":0.04,"timestamp":1772552651344},{"is_buyer_maker":true,"price":627.96,"quantity":0.04,"timestamp":1772552651344},{"is_buyer_maker":true,"price":627.98,"quantity":0.04,"timestamp":1772552651344},{"is_buyer_maker":true,"price":627.96,"quantity":0.04,"timestamp":1772552651344},{"is_buyer_maker":true,"price":627.98,"quantity":0.04,"timestamp":1772552651344},{"is_buyer_maker":true,"price":627.96,"quantity":0.04,"timestamp":1772552651344},{"is_buyer_maker":true,"price":627.98,"quantity":0.04,"timestamp":1772552651344},{"is_buyer_maker":true,"price":627.96,"quantity":0.04,"timestamp":1772552651344},{"is_buyer_maker":true,"price":627.98,"quantity":0.04,"timestamp":1772552651344},{"is_buyer_maker":true,"price":627.96,"quantity":0.04,"timestamp":1772552651344},{"is_buyer_maker":true,"price":627.98,"quantity":0.04,"timestamp":1772552651344},{"is_buyer_maker":true,"price":627.96,"quantity":0.04,"timestamp":1772552651344},{"is_buyer_maker":true,"price":627.98,"quantity":0.04,"timestamp":1772552651344},{"is_buyer_maker":true,"price":627.96,"quantity":0.04,"timestamp":1772552651344},{"is_buyer_maker":true,"price":627.98,"quantity":0.04,"timestamp":1772552651344},{"is_buyer_maker":true,"price":627.96,"quantity":0.04,"timestamp":1772552651344},{"is_buyer_maker":true,"price":627.98,"quantity":0.04,"timestamp":1772552651344},{"is_buyer_maker":true,"price":627.96,"quantity":0.04,"timestamp":1772552651344},{"is_buyer_maker":true,"price":627.95,"quantity":0.02,"timestamp":1772552651346},{"is_buyer_maker":true,"price":627.94,"quantity":0.05,"timestamp":1772552651346},{"is_buyer_maker":true,"price":627.93,"quantity":0.69,"timestamp":1772552651346},{"is_buyer_maker":true,"price":627.92,"quantity":0.78,"timestamp":1772552651346},{"is_buyer_maker":true,"price":627.91,"quantity":0.63,"timestamp":1772552651346},{"is_buyer_maker":true,"price":627.9,"quantity":3.69,"timestamp":1772552651346},{"is_buyer_maker":true,"price":627.95,"quantity":0.02,"timestamp":1772552651346},{"is_buyer_maker":true,"price":627.94,"quantity":0.05,"timestamp":1772552651346},{"is_buyer_maker":true,"price":627.93,"quantity":0.69,"timestamp":1772552651346},{"is_buyer_maker":true,"price":627.92,"quantity":0.78,"timestamp":1772552651346},{"is_buyer_maker":true,"price":627.91,"quantity":0.63,"timestamp":1772552651346},{"is_buyer_maker":true,"price":627.9,"quantity":3.69,"timestamp":1772552651346},{"is_buyer_maker":true,"price":627.95,"quantity":0.02,"timestamp":1772552651346},{"is_buyer_maker":true,"price":627.94,"quantity":0.05,"timestamp":1772552651346},{"is_buyer_maker":true,"price":627.93,"quantity":0.69,"timestamp":1772552651346},{"is_buyer_maker":true,"price":627.92,"quantity":0.78,"timestamp":1772552651346},{"is_buyer_maker":true,"price":627.91,"quantity":0.63,"timestamp":1772552651346},{"is_buyer_maker":true,"price":627.9,"quantity":3.69,"timestamp":1772552651346},{"is_buyer_maker":true,"price":627.95,"quantity":0.02,"timestamp":1772552651346},{"is_buyer_maker":true,"price":627.94,"quantity":0.05,"timestamp":1772552651346},{"is_buyer_maker":true,"price":627.93,"quantity":0.69,"timestamp":1772552651346},{"is_buyer_maker":true,"price":627.92,"quantity":0.78,"timestamp":1772552651346},{"is_buyer_maker":true,"price":627.91,"quantity":0.63,"timestamp":1772552651346},{"is_buyer_maker":true,"price":627.9,"quantity":3.69,"timestamp":1772552651346},{"is_buyer_maker":true,"price":627.95,"quantity":0.02,"timestamp":1772552651346},{"is_buyer_maker":true,"price":627.94,"quantity":0.05,"timestamp":1772552651346},{"is_buyer_maker":true,"price":627.93,"quantity":0.69,"timestamp":1772552651346},{"is_buyer_maker":true,"price":627.92,"quantity":0.78,"timestamp":1772552651346},{"is_buyer_maker":true,"price":627.91,"quantity":0.63,"timestamp":1772552651346},{"is_buyer_maker":true,"price":627.9,"quantity":3.69,"timestamp":1772552651346},{"is_buyer_maker":true,"price":627.95,"quantity":0.02,"timestamp":1772552651346},{"is_buyer_maker":true,"price":627.94,"quantity":0.05,"timestamp":1772552651346},{"is_buyer_maker":true,"price":627.93,"quantity":0.69,"timestamp":1772552651346},{"is_buyer_maker":true,"price":627.92,"quantity":0.78,"timestamp":1772552651346},{"is_buyer_maker":true,"price":627.91,"quantity":0.63,"timestamp":1772552651346},{"is_buyer_maker":true,"price":627.9,"quantity":3.69,"timestamp":1772552651346},{"is_buyer_maker":true,"price":627.95,"quantity":0.02,"timestamp":1772552651346},{"is_buyer_maker":true,"price":627.94,"quantity":0.05,"timestamp":1772552651346},{"is_buyer_maker":true,"price":627.93,"quantity":0.69,"timestamp":1772552651346},{"is_buyer_maker":true,"price":627.92,"quantity":0.78,"timestamp":1772552651346},{"is_buyer_maker":true,"price":627.91,"quantity":0.63,"timestamp":1772552651346},{"is_buyer_maker":true,"price":627.9,"quantity":3.69,"timestamp":1772552651346},{"is_buyer_maker":true,"price":627.95,"quantity":0.02,"timestamp":1772552651346},{"is_buyer_maker":true,"price":627.94,"quantity":0.05,"timestamp":1772552651346},{"is_buyer_maker":true,"price":627.93,"quantity":0.69,"timestamp":1772552651346},{"is_buyer_maker":true,"price":627.92,"quantity":0.78,"timestamp":1772552651346},{"is_buyer_maker":true,"price":627.91,"quantity":0.63,"timestamp":1772552651346},{"is_buyer_maker":true,"price":627.9,"quantity":3.69,"timestamp":1772552651346},{"is_buyer_maker":true,"price":627.95,"quantity":0.02,"timestamp":1772552651346},{"is_buyer_maker":true,"price":627.94,"quantity":0.05,"timestamp":1772552651346},{"is_buyer_maker":true,"price":627.93,"quantity":0.69,"timestamp":1772552651346},{"is_buyer_maker":true,"price":627.92,"quantity":0.78,"timestamp":1772552651346},{"is_buyer_maker":true,"price":627.91,"quantity":0.63,"timestamp":1772552651346},{"is_buyer_maker":true,"price":627.9,"quantity":3.69,"timestamp":1772552651346},{"is_buyer_maker":true,"price":627.95,"quantity":0.02,"timestamp":1772552651346},{"is_buyer_maker":true,"price":627.94,"quantity":0.05,"timestamp":1772552651346},{"is_buyer_maker":true,"price":627.93,"quantity":0.69,"timestamp":1772552651346},{"is_buyer_maker":true,"price":627.92,"quantity":0.78,"timestamp":1772552651346},{"is_buyer_maker":true,"price":627.91,"quantity":0.63,"timestamp":1772552651346},{"is_buyer_maker":true,"price":627.9,"quantity":3.69,"timestamp":1772552651346},{"is_buyer_maker":true,"price":627.95,"quantity":0.02,"timestamp":1772552651346},{"is_buyer_maker":true,"price":627.94,"quantity":0.05,"timestamp":1772552651346},{"is_buyer_maker":true,"price":627.93,"quantity":0.69,"timestamp":1772552651346},{"is_buyer_maker":true,"price":627.92,"quantity":0.78,"timestamp":1772552651346},{"is_buyer_maker":true,"price":627.91,"quantity":0.63,"timestamp":1772552651346},{"is_buyer_maker":true,"price":627.9,"quantity":3.69,"timestamp":1772552651346},{"is_buyer_maker":true,"price":627.95,"quantity":0.02,"timestamp":1772552651346},{"is_buyer_maker":true,"price":627.94,"quantity":0.05,"timestamp":1772552651346},{"is_buyer_maker":true,"price":627.93,"quantity":0.69,"timestamp":1772552651346},{"is_buyer_maker":true,"price":627.92,"quantity":0.78,"timestamp":1772552651346},{"is_buyer_maker":true,"price":627.91,"quantity":0.63,"timestamp":1772552651346},{"is_buyer_maker":true,"price":627.9,"quantity":3.69,"timestamp":1772552651346},{"is_buyer_maker":true,"price":627.95,"quantity":0.02,"timestamp":1772552651346},{"is_buyer_maker":true,"price":627.94,"quantity":0.05,"timestamp":1772552651346},{"is_buyer_maker":true,"price":627.93,"quantity":0.69,"timestamp":1772552651346},{"is_buyer_maker":true,"price":627.92,"quantity":0.78,"timestamp":1772552651346},{"is_buyer_maker":true,"price":627.91,"quantity":0.63,"timestamp":1772552651346},{"is_buyer_maker":true,"price":627.9,"quantity":3.69,"timestamp":1772552651346},{"is_buyer_maker":true,"price":627.95,"quantity":0.02,"timestamp":1772552651346},{"is_buyer_maker":true,"price":627.94,"quantity":0.05,"timestamp":1772552651346},{"is_buyer_maker":true,"price":627.93,"quantity":0.69,"timestamp":1772552651346},{"is_buyer_maker":true,"price":627.92,"quantity":0.78,"timestamp":1772552651346},{"is_buyer_maker":true,"price":627.91,"quantity":0.63,"timestamp":1772552651346},{"is_buyer_maker":true,"price":627.9,"quantity":3.69,"timestamp":1772552651346},{"is_buyer_maker":true,"price":627.95,"quantity":0.02,"timestamp":1772552651346},{"is_buyer_maker":true,"price":627.94,"quantity":0.05,"timestamp":1772552651346},{"is_buyer_maker":true,"price":627.93,"quantity":0.69,"timestamp":1772552651346},{"is_buyer_maker":true,"price":627.92,"quantity":0.78,"timestamp":1772552651346},{"is_buyer_maker":true,"price":627.91,"quantity":0.63,"timestamp":1772552651346},{"is_buyer_maker":true,"price":627.9,"quantity":3.69,"timestamp":1772552651346},{"is_buyer_maker":true,"price":627.95,"quantity":0.02,"timestamp":1772552651346},{"is_buyer_maker":true,"price":627.94,"quantity":0.05,"timestamp":1772552651346},{"is_buyer_maker":true,"price":627.93,"quantity":0.69,"timestamp":1772552651346},{"is_buyer_maker":true,"price":627.92,"quantity":0.78,"timestamp":1772552651346},{"is_buyer_maker":true,"price":627.91,"quantity":0.63,"timestamp":1772552651346},{"is_buyer_maker":true,"price":627.9,"quantity":3.69,"timestamp":1772552651346},{"is_buyer_maker":true,"price":627.95,"quantity":0.02,"timestamp":1772552651346},{"is_buyer_maker":true,"price":627.94,"quantity":0.05,"timestamp":1772552651346},{"is_buyer_maker":true,"price":627.93,"quantity":0.69,"timestamp":1772552651346},{"is_buyer_maker":true,"price":627.92,"quantity":0.78,"timestamp":1772552651346},{"is_buyer_maker":true,"price":627.91,"quantity":0.63,"timestamp":1772552651346},{"is_buyer_maker":true,"price":627.9,"quantity":3.69,"timestamp":1772552651346},{"is_buyer_maker":true,"price":627.95,"quantity":0.02,"timestamp":1772552651346},{"is_buyer_maker":true,"price":627.94,"quantity":0.05,"timestamp":1772552651346},{"is_buyer_maker":true,"price":627.93,"quantity":0.69,"timestamp":1772552651346},{"is_buyer_maker":true,"price":627.92,"quantity":0.78,"timestamp":1772552651346},{"is_buyer_maker":true,"price":627.91,"quantity":0.63,"timestamp":1772552651346},{"is_buyer_maker":true,"price":627.9,"quantity":3.69,"timestamp":1772552651346},{"is_buyer_maker":true,"price":627.95,"quantity":0.02,"timestamp":1772552651346},{"is_buyer_maker":true,"price":627.94,"quantity":0.05,"timestamp":1772552651346},{"is_buyer_maker":true,"price":627.93,"quantity":0.69,"timestamp":1772552651346},{"is_buyer_maker":true,"price":627.92,"quantity":0.78,"timestamp":1772552651346},{"is_buyer_maker":true,"price":627.91,"quantity":0.63,"timestamp":1772552651346},{"is_buyer_maker":true,"price":627.9,"quantity":3.69,"timestamp":1772552651346},{"is_buyer_maker":true,"price":627.89,"quantity":1.16,"timestamp":1772552651349},{"is_buyer_maker":true,"price":627.89,"quantity":0.76,"timestamp":1772552651494},{"is_buyer_maker":false,"price":627.9,"quantity":0.05,"timestamp":1772552651755},{"is_buyer_maker":false,"price":627.93,"quantity":0.03,"timestamp":1772552651758},{"is_buyer_maker":true,"price":627.92,"quantity":5.63,"timestamp":1772552652067},{"is_buyer_maker":true,"price":627.91,"quantity":1.16,"timestamp":1772552652067},{"is_buyer_maker":true,"price":627.9,"quantity":8.47,"timestamp":1772552652067},{"is_buyer_maker":true,"price":627.92,"quantity":5.63,"timestamp":1772552652067},{"is_buyer_maker":true,"price":627.91,"quantity":1.16,"timestamp":1772552652067},{"is_buyer_maker":true,"price":627.9,"quantity":8.47,"timestamp":1772552652067},{"is_buyer_maker":true,"price":627.92,"quantity":5.63,"timestamp":1772552652067},{"is_buyer_maker":true,"price":627.91,"quantity":1.16,"timestamp":1772552652067},{"is_buyer_maker":true,"price":627.9,"quantity":8.47,"timestamp":1772552652067},{"is_buyer_maker":true,"price":627.92,"quantity":5.63,"timestamp":1772552652067},{"is_buyer_maker":true,"price":627.91,"quantity":1.16,"timestamp":1772552652067},{"is_buyer_maker":true,"price":627.9,"quantity":8.47,"timestamp":1772552652067},{"is_buyer_maker":true,"price":627.92,"quantity":5.63,"timestamp":1772552652067},{"is_buyer_maker":true,"price":627.91,"quantity":1.16,"timestamp":1772552652067},{"is_buyer_maker":true,"price":627.9,"quantity":8.47,"timestamp":1772552652067},{"is_buyer_maker":true,"price":627.92,"quantity":5.63,"timestamp":1772552652067},{"is_buyer_maker":true,"price":627.91,"quantity":1.16,"timestamp":1772552652067},{"is_buyer_maker":true,"price":627.9,"quantity":8.47,"timestamp":1772552652067},{"is_buyer_maker":true,"price":627.92,"quantity":5.63,"timestamp":1772552652067},{"is_buyer_maker":true,"price":627.91,"quantity":1.16,"timestamp":1772552652067},{"is_buyer_maker":true,"price":627.9,"quantity":8.47,"timestamp":1772552652067},{"is_buyer_maker":true,"price":627.92,"quantity":5.63,"timestamp":1772552652067},{"is_buyer_maker":true,"price":627.91,"quantity":1.16,"timestamp":1772552652067},{"is_buyer_maker":true,"price":627.9,"quantity":8.47,"timestamp":1772552652067},{"is_buyer_maker":true,"price":627.92,"quantity":5.63,"timestamp":1772552652067},{"is_buyer_maker":true,"price":627.91,"quantity":1.16,"timestamp":1772552652067},{"is_buyer_maker":true,"price":627.9,"quantity":8.47,"timestamp":1772552652067},{"is_buyer_maker":true,"price":627.92,"quantity":5.63,"timestamp":1772552652067},{"is_buyer_maker":true,"price":627.91,"quantity":1.16,"timestamp":1772552652067},{"is_buyer_maker":true,"price":627.9,"quantity":8.47,"timestamp":1772552652067},{"is_buyer_maker":true,"price":627.92,"quantity":5.63,"timestamp":1772552652067},{"is_buyer_maker":true,"price":627.91,"quantity":1.16,"timestamp":1772552652067},{"is_buyer_maker":true,"price":627.9,"quantity":8.47,"timestamp":1772552652067},{"is_buyer_maker":true,"price":627.92,"quantity":5.63,"timestamp":1772552652067},{"is_buyer_maker":true,"price":627.91,"quantity":1.16,"timestamp":1772552652067},{"is_buyer_maker":true,"price":627.9,"quantity":8.47,"timestamp":1772552652067},{"is_buyer_maker":true,"price":627.92,"quantity":5.63,"timestamp":1772552652067},{"is_buyer_maker":true,"price":627.91,"quantity":1.16,"timestamp":1772552652067},{"is_buyer_maker":true,"price":627.9,"quantity":8.47,"timestamp":1772552652067},{"is_buyer_maker":true,"price":627.92,"quantity":5.63,"timestamp":1772552652067},{"is_buyer_maker":true,"price":627.91,"quantity":1.16,"timestamp":1772552652067},{"is_buyer_maker":true,"price":627.9,"quantity":8.47,"timestamp":1772552652067},{"is_buyer_maker":true,"price":627.92,"quantity":5.63,"timestamp":1772552652067},{"is_buyer_maker":true,"price":627.91,"quantity":1.16,"timestamp":1772552652067},{"is_buyer_maker":true,"price":627.9,"quantity":8.47,"timestamp":1772552652067},{"is_buyer_maker":true,"price":627.92,"quantity":5.63,"timestamp":1772552652067},{"is_buyer_maker":true,"price":627.91,"quantity":1.16,"timestamp":1772552652067},{"is_buyer_maker":true,"price":627.9,"quantity":8.47,"timestamp":1772552652067},{"is_buyer_maker":true,"price":627.92,"quantity":5.63,"timestamp":1772552652067},{"is_buyer_maker":true,"price":627.91,"quantity":1.16,"timestamp":1772552652067},{"is_buyer_maker":true,"price":627.9,"quantity":8.47,"timestamp":1772552652067},{"is_buyer_maker":true,"price":627.92,"quantity":5.63,"timestamp":1772552652067},{"is_buyer_maker":true,"price":627.91,"quantity":1.16,"timestamp":1772552652067},{"is_buyer_maker":true,"price":627.9,"quantity":8.47,"timestamp":1772552652067},{"is_buyer_maker":true,"price":627.92,"quantity":5.63,"timestamp":1772552652067},{"is_buyer_maker":true,"price":627.91,"quantity":1.16,"timestamp":1772552652067},{"is_buyer_maker":true,"price":627.9,"quantity":8.47,"timestamp":1772552652067},{"is_buyer_maker":false,"price":627.91,"quantity":3.41,"timestamp":1772552652150},{"is_buyer_maker":false,"price":627.93,"quantity":0.87,"timestamp":1772552652306},{"is_buyer_maker":false,"price":627.96,"quantity":0.03,"timestamp":1772552652350},{"is_buyer_maker":false,"price":627.97,"quantity":0.04,"timestamp":1772552652350},{"is_buyer_maker":false,"price":627.96,"quantity":0.03,"timestamp":1772552652350},{"is_buyer_maker":false,"price":627.97,"quantity":0.04,"timestamp":1772552652350},{"is_buyer_maker":false,"price":627.96,"quantity":0.03,"timestamp":1772552652350},{"is_buyer_maker":false,"price":627.97,"quantity":0.04,"timestamp":1772552652350},{"is_buyer_maker":false,"price":627.96,"quantity":0.03,"timestamp":1772552652350},{"is_buyer_maker":false,"price":627.97,"quantity":0.04,"timestamp":1772552652350},{"is_buyer_maker":false,"price":627.96,"quantity":0.03,"timestamp":1772552652350},{"is_buyer_maker":false,"price":627.97,"quantity":0.04,"timestamp":1772552652350},{"is_buyer_maker":false,"price":627.96,"quantity":0.03,"timestamp":1772552652350},{"is_buyer_maker":false,"price":627.97,"quantity":0.04,"timestamp":1772552652350},{"is_buyer_maker":false,"price":627.96,"quantity":0.03,"timestamp":1772552652350},{"is_buyer_maker":false,"price":627.97,"quantity":0.04,"timestamp":1772552652350},{"is_buyer_maker":false,"price":627.96,"quantity":0.03,"timestamp":1772552652350},{"is_buyer_maker":false,"price":627.97,"quantity":0.04,"timestamp":1772552652350},{"is_buyer_maker":false,"price":627.96,"quantity":0.03,"timestamp":1772552652350},{"is_buyer_maker":false,"price":627.97,"quantity":0.04,"timestamp":1772552652350},{"is_buyer_maker":false,"price":627.96,"quantity":0.03,"timestamp":1772552652350},{"is_buyer_maker":false,"price":627.97,"quantity":0.04,"timestamp":1772552652350},{"is_buyer_maker":false,"price":627.96,"quantity":0.03,"timestamp":1772552652350},{"is_buyer_maker":false,"price":627.97,"quantity":0.04,"timestamp":1772552652350},{"is_buyer_maker":false,"price":627.96,"quantity":0.03,"timestamp":1772552652350},{"is_buyer_maker":false,"price":627.97,"quantity":0.04,"timestamp":1772552652350},{"is_buyer_maker":false,"price":627.96,"quantity":0.03,"timestamp":1772552652350},{"is_buyer_maker":false,"price":627.97,"quantity":0.04,"timestamp":1772552652350},{"is_buyer_maker":false,"price":627.96,"quantity":0.03,"timestamp":1772552652350},{"is_buyer_maker":false,"price":627.97,"quantity":0.04,"timestamp":1772552652350},{"is_buyer_maker":false,"price":627.96,"quantity":0.03,"timestamp":1772552652350},{"is_buyer_maker":false,"price":627.97,"quantity":0.04,"timestamp":1772552652350},{"is_buyer_maker":false,"price":627.96,"quantity":0.03,"timestamp":1772552652350},{"is_buyer_maker":false,"price":627.97,"quantity":0.04,"timestamp":1772552652350},{"is_buyer_maker":false,"price":627.96,"quantity":0.03,"timestamp":1772552652350},{"is_buyer_maker":false,"price":627.97,"quantity":0.04,"timestamp":1772552652350},{"is_buyer_maker":false,"price":627.96,"quantity":0.03,"timestamp":1772552652350},{"is_buyer_maker":false,"price":627.97,"quantity":0.04,"timestamp":1772552652350},{"is_buyer_maker":false,"price":627.96,"quantity":0.03,"timestamp":1772552652350},{"is_buyer_maker":false,"price":627.97,"quantity":0.04,"timestamp":1772552652350},{"is_buyer_maker":false,"price":627.99,"quantity":0.02,"timestamp":1772552652352},{"is_buyer_maker":true,"price":627.99,"quantity":7.97,"timestamp":1772552652460},{"is_buyer_maker":true,"price":627.99,"quantity":0.78,"timestamp":1772552652604},{"is_buyer_maker":false,"price":628.0,"quantity":25.37,"timestamp":1772552652853},{"is_buyer_maker":false,"price":628.01,"quantity":1.91,"timestamp":1772552652853},{"is_buyer_maker":false,"price":628.02,"quantity":3.49,"timestamp":1772552652853},{"is_buyer_maker":false,"price":628.0,"quantity":25.37,"timestamp":1772552652853},{"is_buyer_maker":false,"price":628.01,"quantity":1.91,"timestamp":1772552652853},{"is_buyer_maker":false,"price":628.02,"quantity":3.49,"timestamp":1772552652853},{"is_buyer_maker":false,"price":628.0,"quantity":25.37,"timestamp":1772552652853},{"is_buyer_maker":false,"price":628.01,"quantity":1.91,"timestamp":1772552652853},{"is_buyer_maker":false,"price":628.02,"quantity":3.49,"timestamp":1772552652853},{"is_buyer_maker":false,"price":628.0,"quantity":25.37,"timestamp":1772552652853},{"is_buyer_maker":false,"price":628.01,"quantity":1.91,"timestamp":1772552652853},{"is_buyer_maker":false,"price":628.02,"quantity":3.49,"timestamp":1772552652853},{"is_buyer_maker":false,"price":628.0,"quantity":25.37,"timestamp":1772552652853},{"is_buyer_maker":false,"price":628.01,"quantity":1.91,"timestamp":1772552652853},{"is_buyer_maker":false,"price":628.02,"quantity":3.49,"timestamp":1772552652853},{"is_buyer_maker":false,"price":628.0,"quantity":25.37,"timestamp":1772552652853},{"is_buyer_maker":false,"price":628.01,"quantity":1.91,"timestamp":1772552652853},{"is_buyer_maker":false,"price":628.02,"quantity":3.49,"timestamp":1772552652853},{"is_buyer_maker":false,"price":628.0,"quantity":25.37,"timestamp":1772552652853},{"is_buyer_maker":false,"price":628.01,"quantity":1.91,"timestamp":1772552652853},{"is_buyer_maker":false,"price":628.02,"quantity":3.49,"timestamp":1772552652853},{"is_buyer_maker":false,"price":628.0,"quantity":25.37,"timestamp":1772552652853},{"is_buyer_maker":false,"price":628.01,"quantity":1.91,"timestamp":1772552652853},{"is_buyer_maker":false,"price":628.02,"quantity":3.49,"timestamp":1772552652853},{"is_buyer_maker":false,"price":628.0,"quantity":25.37,"timestamp":1772552652853},{"is_buyer_maker":false,"price":628.01,"quantity":1.91,"timestamp":1772552652853},{"is_buyer_maker":false,"price":628.02,"quantity":3.49,"timestamp":1772552652853},{"is_buyer_maker":false,"price":628.0,"quantity":25.37,"timestamp":1772552652853},{"is_buyer_maker":false,"price":628.01,"quantity":1.91,"timestamp":1772552652853},{"is_buyer_maker":false,"price":628.02,"quantity":3.49,"timestamp":1772552652853},{"is_buyer_maker":false,"price":628.0,"quantity":25.37,"timestamp":1772552652853},{"is_buyer_maker":false,"price":628.01,"quantity":1.91,"timestamp":1772552652853},{"is_buyer_maker":false,"price":628.02,"quantity":3.49,"timestamp":1772552652853},{"is_buyer_maker":false,"price":628.0,"quantity":25.37,"timestamp":1772552652853},{"is_buyer_maker":false,"price":628.01,"quantity":1.91,"timestamp":1772552652853},{"is_buyer_maker":false,"price":628.02,"quantity":3.49,"timestamp":1772552652853},{"is_buyer_maker":false,"price":628.0,"quantity":25.37,"timestamp":1772552652853},{"is_buyer_maker":false,"price":628.01,"quantity":1.91,"timestamp":1772552652853},{"is_buyer_maker":false,"price":628.02,"quantity":3.49,"timestamp":1772552652853},{"is_buyer_maker":false,"price":628.0,"quantity":25.37,"timestamp":1772552652853},{"is_buyer_maker":false,"price":628.01,"quantity":1.91,"timestamp":1772552652853},{"is_buyer_maker":false,"price":628.02,"quantity":3.49,"timestamp":1772552652853},{"is_buyer_maker":false,"price":628.0,"quantity":25.37,"timestamp":1772552652853},{"is_buyer_maker":false,"price":628.01,"quantity":1.91,"timestamp":1772552652853},{"is_buyer_maker":false,"price":628.02,"quantity":3.49,"timestamp":1772552652853},{"is_buyer_maker":false,"price":628.0,"quantity":25.37,"timestamp":1772552652853},{"is_buyer_maker":false,"price":628.01,"quantity":1.91,"timestamp":1772552652853},{"is_buyer_maker":false,"price":628.02,"quantity":3.49,"timestamp":1772552652853},{"is_buyer_maker":false,"price":628.0,"quantity":25.37,"timestamp":1772552652853},{"is_buyer_maker":false,"price":628.01,"quantity":1.91,"timestamp":1772552652853},{"is_buyer_maker":false,"price":628.02,"quantity":3.49,"timestamp":1772552652853},{"is_buyer_maker":false,"price":628.0,"quantity":25.37,"timestamp":1772552652853},{"is_buyer_maker":false,"price":628.01,"quantity":1.91,"timestamp":1772552652853},{"is_buyer_maker":false,"price":628.02,"quantity":3.49,"timestamp":1772552652853},{"is_buyer_maker":false,"price":628.0,"quantity":25.37,"timestamp":1772552652853},{"is_buyer_maker":false,"price":628.01,"quantity":1.91,"timestamp":1772552652853},{"is_buyer_maker":false,"price":628.02,"quantity":3.49,"timestamp":1772552652853},{"is_buyer_maker":true,"price":628.02,"quantity":2.67,"timestamp":1772552652977},{"is_buyer_maker":true,"price":627.97,"quantity":0.05,"timestamp":1772552652995},{"is_buyer_maker":true,"price":627.96,"quantity":7.92,"timestamp":1772552653471},{"is_buyer_maker":true,"price":627.94,"quantity":0.06,"timestamp":1772552653484},{"is_buyer_maker":true,"price":627.93,"quantity":0.05,"timestamp":1772552653484},{"is_buyer_maker":true,"price":627.92,"quantity":0.05,"timestamp":1772552653484},{"is_buyer_maker":true,"price":627.94,"quantity":0.06,"timestamp":1772552653484},{"is_buyer_maker":true,"price":627.93,"quantity":0.05,"timestamp":1772552653484},{"is_buyer_maker":true,"price":627.92,"quantity":0.05,"timestamp":1772552653484},{"is_buyer_maker":true,"price":627.94,"quantity":0.06,"timestamp":1772552653484},{"is_buyer_maker":true,"price":627.93,"quantity":0.05,"timestamp":1772552653484},{"is_buyer_maker":true,"price":627.92,"quantity":0.05,"timestamp":1772552653484},{"is_buyer_maker":true,"price":627.94,"quantity":0.06,"timestamp":1772552653484},{"is_buyer_maker":true,"price":627.93,"quantity":0.05,"timestamp":1772552653484},{"is_buyer_maker":true,"price":627.92,"quantity":0.05,"timestamp":1772552653484},{"is_buyer_maker":true,"price":627.94,"quantity":0.06,"timestamp":1772552653484},{"is_buyer_maker":true,"price":627.93,"quantity":0.05,"timestamp":1772552653484},{"is_buyer_maker":true,"price":627.92,"quantity":0.05,"timestamp":1772552653484},{"is_buyer_maker":true,"price":627.94,"quantity":0.06,"timestamp":1772552653484},{"is_buyer_maker":true,"price":627.93,"quantity":0.05,"timestamp":1772552653484},{"is_buyer_maker":true,"price":627.92,"quantity":0.05,"timestamp":1772552653484},{"is_buyer_maker":true,"price":627.94,"quantity":0.06,"timestamp":1772552653484},{"is_buyer_maker":true,"price":627.93,"quantity":0.05,"timestamp":1772552653484},{"is_buyer_maker":true,"price":627.92,"quantity":0.05,"timestamp":1772552653484},{"is_buyer_maker":true,"price":627.94,"quantity":0.06,"timestamp":1772552653484},{"is_buyer_maker":true,"price":627.93,"quantity":0.05,"timestamp":1772552653484},{"is_buyer_maker":true,"price":627.92,"quantity":0.05,"timestamp":1772552653484},{"is_buyer_maker":true,"price":627.94,"quantity":0.06,"timestamp":1772552653484},{"is_buyer_maker":true,"price":627.93,"quantity":0.05,"timestamp":1772552653484},{"is_buyer_maker":true,"price":627.92,"quantity":0.05,"timestamp":1772552653484},{"is_buyer_maker":true,"price":627.94,"quantity":0.06,"timestamp":1772552653484},{"is_buyer_maker":true,"price":627.93,"quantity":0.05,"timestamp":1772552653484},{"is_buyer_maker":true,"price":627.92,"quantity":0.05,"timestamp":1772552653484},{"is_buyer_maker":true,"price":627.94,"quantity":0.06,"timestamp":1772552653484},{"is_buyer_maker":true,"price":627.93,"quantity":0.05,"timestamp":1772552653484},{"is_buyer_maker":true,"price":627.92,"quantity":0.05,"timestamp":1772552653484},{"is_buyer_maker":true,"price":627.94,"quantity":0.06,"timestamp":1772552653484},{"is_buyer_maker":true,"price":627.93,"quantity":0.05,"timestamp":1772552653484},{"is_buyer_maker":true,"price":627.92,"quantity":0.05,"timestamp":1772552653484},{"is_buyer_maker":true,"price":627.94,"quantity":0.06,"timestamp":1772552653484},{"is_buyer_maker":true,"price":627.93,"quantity":0.05,"timestamp":1772552653484},{"is_buyer_maker":true,"price":627.92,"quantity":0.05,"timestamp":1772552653484},{"is_buyer_maker":true,"price":627.94,"quantity":0.06,"timestamp":1772552653484},{"is_buyer_maker":true,"price":627.93,"quantity":0.05,"timestamp":1772552653484},{"is_buyer_maker":true,"price":627.92,"quantity":0.05,"timestamp":1772552653484},{"is_buyer_maker":true,"price":627.94,"quantity":0.06,"timestamp":1772552653484},{"is_buyer_maker":true,"price":627.93,"quantity":0.05,"timestamp":1772552653484},{"is_buyer_maker":true,"price":627.92,"quantity":0.05,"timestamp":1772552653484},{"is_buyer_maker":true,"price":627.94,"quantity":0.06,"timestamp":1772552653484},{"is_buyer_maker":true,"price":627.93,"quantity":0.05,"timestamp":1772552653484},{"is_buyer_maker":true,"price":627.92,"quantity":0.05,"timestamp":1772552653484},{"is_buyer_maker":true,"price":627.94,"quantity":0.06,"timestamp":1772552653484},{"is_buyer_maker":true,"price":627.93,"quantity":0.05,"timestamp":1772552653484},{"is_buyer_maker":true,"price":627.92,"quantity":0.05,"timestamp":1772552653484},{"is_buyer_maker":true,"price":627.94,"quantity":0.06,"timestamp":1772552653484},{"is_buyer_maker":true,"price":627.93,"quantity":0.05,"timestamp":1772552653484},{"is_buyer_maker":true,"price":627.92,"quantity":0.05,"timestamp":1772552653484},{"is_buyer_maker":true,"price":627.94,"quantity":0.06,"timestamp":1772552653484},{"is_buyer_maker":true,"price":627.93,"quantity":0.05,"timestamp":1772552653484},{"is_buyer_maker":true,"price":627.92,"quantity":0.05,"timestamp":1772552653484},{"is_buyer_maker":true,"price":627.91,"quantity":7.8,"timestamp":1772552653494},{"is_buyer_maker":true,"price":627.9,"quantity":7.8,"timestamp":1772552653498},{"is_buyer_maker":true,"price":627.89,"quantity":7.78,"timestamp":1772552653504},{"is_buyer_maker":true,"price":627.88,"quantity":0.04,"timestamp":1772552653597},{"is_buyer_maker":true,"price":627.87,"quantity":0.02,"timestamp":1772552653597},{"is_buyer_maker":true,"price":627.88,"quantity":0.04,"timestamp":1772552653597},{"is_buyer_maker":true,"price":627.87,"quantity":0.02,"timestamp":1772552653597},{"is_buyer_maker":true,"price":627.88,"quantity":0.04,"timestamp":1772552653597},{"is_buyer_maker":true,"price":627.87,"quantity":0.02,"timestamp":1772552653597},{"is_buyer_maker":true,"price":627.88,"quantity":0.04,"timestamp":1772552653597},{"is_buyer_maker":true,"price":627.87,"quantity":0.02,"timestamp":1772552653597},{"is_buyer_maker":true,"price":627.88,"quantity":0.04,"timestamp":1772552653597},{"is_buyer_maker":true,"price":627.87,"quantity":0.02,"timestamp":1772552653597},{"is_buyer_maker":true,"price":627.88,"quantity":0.04,"timestamp":1772552653597},{"is_buyer_maker":true,"price":627.87,"quantity":0.02,"timestamp":1772552653597},{"is_buyer_maker":true,"price":627.88,"quantity":0.04,"timestamp":1772552653597},{"is_buyer_maker":true,"price":627.87,"quantity":0.02,"timestamp":1772552653597},{"is_buyer_maker":true,"price":627.88,"quantity":0.04,"timestamp":1772552653597},{"is_buyer_maker":true,"price":627.87,"quantity":0.02,"timestamp":1772552653597},{"is_buyer_maker":true,"price":627.88,"quantity":0.04,"timestamp":1772552653597},{"is_buyer_maker":true,"price":627.87,"quantity":0.02,"timestamp":1772552653597},{"is_buyer_maker":true,"price":627.88,"quantity":0.04,"timestamp":1772552653597},{"is_buyer_maker":true,"price":627.87,"quantity":0.02,"timestamp":1772552653597},{"is_buyer_maker":true,"price":627.88,"quantity":0.04,"timestamp":1772552653597},{"is_buyer_maker":true,"price":627.87,"quantity":0.02,"timestamp":1772552653597},{"is_buyer_maker":true,"price":627.88,"quantity":0.04,"timestamp":1772552653597},{"is_buyer_maker":true,"price":627.87,"quantity":0.02,"timestamp":1772552653597},{"is_buyer_maker":true,"price":627.88,"quantity":0.04,"timestamp":1772552653597},{"is_buyer_maker":true,"price":627.87,"quantity":0.02,"timestamp":1772552653597},{"is_buyer_maker":true,"price":627.88,"quantity":0.04,"timestamp":1772552653597},{"is_buyer_maker":true,"price":627.87,"quantity":0.02,"timestamp":1772552653597},{"is_buyer_maker":true,"price":627.88,"quantity":0.04,"timestamp":1772552653597},{"is_buyer_maker":true,"price":627.87,"quantity":0.02,"timestamp":1772552653597},{"is_buyer_maker":true,"price":627.88,"quantity":0.04,"timestamp":1772552653597},{"is_buyer_maker":true,"price":627.87,"quantity":0.02,"timestamp":1772552653597},{"is_buyer_maker":true,"price":627.88,"quantity":0.04,"timestamp":1772552653597},{"is_buyer_maker":true,"price":627.87,"quantity":0.02,"timestamp":1772552653597},{"is_buyer_maker":true,"price":627.88,"quantity":0.04,"timestamp":1772552653597},{"is_buyer_maker":true,"price":627.87,"quantity":0.02,"timestamp":1772552653597},{"is_buyer_maker":true,"price":627.88,"quantity":0.04,"timestamp":1772552653597},{"is_buyer_maker":true,"price":627.87,"quantity":0.02,"timestamp":1772552653597},{"is_buyer_maker":false,"price":627.87,"quantity":0.14,"timestamp":1772552653632},{"is_buyer_maker":true,"price":627.86,"quantity":0.2,"timestamp":1772552653685},{"is_buyer_maker":true,"price":627.85,"quantity":0.2,"timestamp":1772552653685},{"is_buyer_maker":true,"price":627.86,"quantity":0.2,"timestamp":1772552653685},{"is_buyer_maker":true,"price":627.85,"quantity":0.2,"timestamp":1772552653685},{"is_buyer_maker":true,"price":627.86,"quantity":0.2,"timestamp":1772552653685},{"is_buyer_maker":true,"price":627.85,"quantity":0.2,"timestamp":1772552653685},{"is_buyer_maker":true,"price":627.86,"quantity":0.2,"timestamp":1772552653685},{"is_buyer_maker":true,"price":627.85,"quantity":0.2,"timestamp":1772552653685},{"is_buyer_maker":true,"price":627.86,"quantity":0.2,"timestamp":1772552653685},{"is_buyer_maker":true,"price":627.85,"quantity":0.2,"timestamp":1772552653685},{"is_buyer_maker":true,"price":627.86,"quantity":0.2,"timestamp":1772552653685},{"is_buyer_maker":true,"price":627.85,"quantity":0.2,"timestamp":1772552653685},{"is_buyer_maker":true,"price":627.86,"quantity":0.2,"timestamp":1772552653685},{"is_buyer_maker":true,"price":627.85,"quantity":0.2,"timestamp":1772552653685},{"is_buyer_maker":true,"price":627.86,"quantity":0.2,"timestamp":1772552653685},{"is_buyer_maker":true,"price":627.85,"quantity":0.2,"timestamp":1772552653685},{"is_buyer_maker":true,"price":627.86,"quantity":0.2,"timestamp":1772552653685},{"is_buyer_maker":true,"price":627.85,"quantity":0.2,"timestamp":1772552653685},{"is_buyer_maker":true,"price":627.86,"quantity":0.2,"timestamp":1772552653685},{"is_buyer_maker":true,"price":627.85,"quantity":0.2,"timestamp":1772552653685},{"is_buyer_maker":true,"price":627.86,"quantity":0.2,"timestamp":1772552653685},{"is_buyer_maker":true,"price":627.85,"quantity":0.2,"timestamp":1772552653685},{"is_buyer_maker":true,"price":627.86,"quantity":0.2,"timestamp":1772552653685},{"is_buyer_maker":true,"price":627.85,"quantity":0.2,"timestamp":1772552653685},{"is_buyer_maker":true,"price":627.86,"quantity":0.2,"timestamp":1772552653685},{"is_buyer_maker":true,"price":627.85,"quantity":0.2,"timestamp":1772552653685},{"is_buyer_maker":true,"price":627.86,"quantity":0.2,"timestamp":1772552653685},{"is_buyer_maker":true,"price":627.85,"quantity":0.2,"timestamp":1772552653685},{"is_buyer_maker":true,"price":627.86,"quantity":0.2,"timestamp":1772552653685},{"is_buyer_maker":true,"price":627.85,"quantity":0.2,"timestamp":1772552653685},{"is_buyer_maker":true,"price":627.86,"quantity":0.2,"timestamp":1772552653685},{"is_buyer_maker":true,"price":627.85,"quantity":0.2,"timestamp":1772552653685},{"is_buyer_maker":true,"price":627.86,"quantity":0.2,"timestamp":1772552653685},{"is_buyer_maker":true,"price":627.85,"quantity":0.2,"timestamp":1772552653685},{"is_buyer_maker":true,"price":627.86,"quantity":0.2,"timestamp":1772552653685},{"is_buyer_maker":true,"price":627.85,"quantity":0.2,"timestamp":1772552653685},{"is_buyer_maker":true,"price":627.86,"quantity":0.2,"timestamp":1772552653685},{"is_buyer_maker":true,"price":627.85,"quantity":0.2,"timestamp":1772552653685},{"is_buyer_maker":true,"price":627.84,"quantity":0.01,"timestamp":1772552653734},{"is_buyer_maker":true,"price":627.83,"quantity":3.25,"timestamp":1772552653800},{"is_buyer_maker":true,"price":627.82,"quantity":0.13,"timestamp":1772552653806},{"is_buyer_maker":true,"price":627.81,"quantity":0.03,"timestamp":1772552653807},{"is_buyer_maker":false,"price":627.81,"quantity":5.46,"timestamp":1772552653983},{"is_buyer_maker":false,"price":627.81,"quantity":0.05,"timestamp":1772552654166},{"is_buyer_maker":false,"price":627.82,"quantity":0.02,"timestamp":1772552654166},{"is_buyer_maker":false,"price":627.81,"quantity":0.05,"timestamp":1772552654166},{"is_buyer_maker":false,"price":627.82,"quantity":0.02,"timestamp":1772552654166},{"is_buyer_maker":false,"price":627.81,"quantity":0.05,"timestamp":1772552654166},{"is_buyer_maker":false,"price":627.82,"quantity":0.02,"timestamp":1772552654166},{"is_buyer_maker":false,"price":627.81,"quantity":0.05,"timestamp":1772552654166},{"is_buyer_maker":false,"price":627.82,"quantity":0.02,"timestamp":1772552654166},{"is_buyer_maker":false,"price":627.81,"quantity":0.05,"timestamp":1772552654166},{"is_buyer_maker":false,"price":627.82,"quantity":0.02,"timestamp":1772552654166},{"is_buyer_maker":false,"price":627.81,"quantity":0.05,"timestamp":1772552654166},{"is_buyer_maker":false,"price":627.82,"quantity":0.02,"timestamp":1772552654166},{"is_buyer_maker":false,"price":627.81,"quantity":0.05,"timestamp":1772552654166},{"is_buyer_maker":false,"price":627.82,"quantity":0.02,"timestamp":1772552654166},{"is_buyer_maker":false,"price":627.81,"quantity":0.05,"timestamp":1772552654166},{"is_buyer_maker":false,"price":627.82,"quantity":0.02,"timestamp":1772552654166},{"is_buyer_maker":false,"price":627.81,"quantity":0.05,"timestamp":1772552654166},{"is_buyer_maker":false,"price":627.82,"quantity":0.02,"timestamp":1772552654166},{"is_buyer_maker":false,"price":627.81,"quantity":0.05,"timestamp":1772552654166},{"is_buyer_maker":false,"price":627.82,"quantity":0.02,"timestamp":1772552654166},{"is_buyer_maker":false,"price":627.81,"quantity":0.05,"timestamp":1772552654166},{"is_buyer_maker":false,"price":627.82,"quantity":0.02,"timestamp":1772552654166},{"is_buyer_maker":false,"price":627.81,"quantity":0.05,"timestamp":1772552654166},{"is_buyer_maker":false,"price":627.82,"quantity":0.02,"timestamp":1772552654166},{"is_buyer_maker":false,"price":627.81,"quantity":0.05,"timestamp":1772552654166},{"is_buyer_maker":false,"price":627.82,"quantity":0.02,"timestamp":1772552654166},{"is_buyer_maker":false,"price":627.81,"quantity":0.05,"timestamp":1772552654166},{"is_buyer_maker":false,"price":627.82,"quantity":0.02,"timestamp":1772552654166},{"is_buyer_maker":false,"price":627.81,"quantity":0.05,"timestamp":1772552654166},{"is_buyer_maker":false,"price":627.82,"quantity":0.02,"timestamp":1772552654166},{"is_buyer_maker":false,"price":627.81,"quantity":0.05,"timestamp":1772552654166},{"is_buyer_maker":false,"price":627.82,"quantity":0.02,"timestamp":1772552654166},{"is_buyer_maker":false,"price":627.81,"quantity":0.05,"timestamp":1772552654166},{"is_buyer_maker":false,"price":627.82,"quantity":0.02,"timestamp":1772552654166},{"is_buyer_maker":false,"price":627.81,"quantity":0.05,"timestamp":1772552654166},{"is_buyer_maker":false,"price":627.82,"quantity":0.02,"timestamp":1772552654166},{"is_buyer_maker":false,"price":627.81,"quantity":0.05,"timestamp":1772552654166},{"is_buyer_maker":false,"price":627.82,"quantity":0.02,"timestamp":1772552654166},{"is_buyer_maker":false,"price":627.83,"quantity":0.05,"timestamp":1772552654265},{"is_buyer_maker":true,"price":627.82,"quantity":0.07,"timestamp":1772552654411},{"is_buyer_maker":false,"price":627.83,"quantity":0.42,"timestamp":1772552654546},{"is_buyer_maker":true,"price":627.82,"quantity":1.17,"timestamp":1772552654663},{"is_buyer_maker":true,"price":627.82,"quantity":0.34,"timestamp":1772552655057},{"is_buyer_maker":true,"price":627.82,"quantity":3.03,"timestamp":1772552655600},{"is_buyer_maker":true,"price":627.81,"quantity":0.02,"timestamp":1772552655603},{"is_buyer_maker":true,"price":627.8,"quantity":1.18,"timestamp":1772552655603},{"is_buyer_maker":true,"price":627.81,"quantity":0.02,"timestamp":1772552655603},{"is_buyer_maker":true,"price":627.8,"quantity":1.18,"timestamp":1772552655603},{"is_buyer_maker":true,"price":627.81,"quantity":0.02,"timestamp":1772552655603},{"is_buyer_maker":true,"price":627.8,"quantity":1.18,"timestamp":1772552655603},{"is_buyer_maker":true,"price":627.81,"quantity":0.02,"timestamp":1772552655603},{"is_buyer_maker":true,"price":627.8,"quantity":1.18,"timestamp":1772552655603},{"is_buyer_maker":true,"price":627.81,"quantity":0.02,"timestamp":1772552655603},{"is_buyer_maker":true,"price":627.8,"quantity":1.18,"timestamp":1772552655603},{"is_buyer_maker":true,"price":627.81,"quantity":0.02,"timestamp":1772552655603},{"is_buyer_maker":true,"price":627.8,"quantity":1.18,"timestamp":1772552655603},{"is_buyer_maker":true,"price":627.81,"quantity":0.02,"timestamp":1772552655603},{"is_buyer_maker":true,"price":627.8,"quantity":1.18,"timestamp":1772552655603},{"is_buyer_maker":true,"price":627.81,"quantity":0.02,"timestamp":1772552655603},{"is_buyer_maker":true,"price":627.8,"quantity":1.18,"timestamp":1772552655603},{"is_buyer_maker":true,"price":627.81,"quantity":0.02,"timestamp":1772552655603},{"is_buyer_maker":true,"price":627.8,"quantity":1.18,"timestamp":1772552655603},{"is_buyer_maker":true,"price":627.81,"quantity":0.02,"timestamp":1772552655603},{"is_buyer_maker":true,"price":627.8,"quantity":1.18,"timestamp":1772552655603},{"is_buyer_maker":true,"price":627.81,"quantity":0.02,"timestamp":1772552655603},{"is_buyer_maker":true,"price":627.8,"quantity":1.18,"timestamp":1772552655603},{"is_buyer_maker":true,"price":627.81,"quantity":0.02,"timestamp":1772552655603},{"is_buyer_maker":true,"price":627.8,"quantity":1.18,"timestamp":1772552655603},{"is_buyer_maker":true,"price":627.81,"quantity":0.02,"timestamp":1772552655603},{"is_buyer_maker":true,"price":627.8,"quantity":1.18,"timestamp":1772552655603},{"is_buyer_maker":true,"price":627.81,"quantity":0.02,"timestamp":1772552655603}