{"exchange":"binance","symbol":"DOGEUSDT","last_updated":1772553234754,"trades":[{"is_buyer_maker":true,"price":0.08999,"quantity":75091.0,"timestamp":1772552637175},{"is_buyer_maker":true,"price":0.08999,"quantity":17451.0,"timestamp":1772552637496},{"is_buyer_maker":true,"price":0.08999,"quantity":1670.0,"timestamp":1772552637664},{"is_buyer_maker":true,"price":0.08999,"quantity":2173.0,"timestamp":1772552637766},{"is_buyer_maker":false,"price":0.09,"quantity":63988.0,"timestamp":1772552637873},{"is_buyer_maker":true,"price":0.09,"quantity":968.0,"timestamp":1772552637875},{"is_buyer_maker":false,"price":0.09001,"quantity":418.0,"timestamp":1772552637877},{"is_buyer_maker":false,"price":0.09002,"quantity":58647.0,"timestamp":1772552637887},{"is_buyer_maker":true,"price":0.09001,"quantity":11032.0,"timestamp":1772552637943},{"is_buyer_maker":true,"price":0.09001,"quantity":7615.0,"timestamp":1772552638123},{"is_buyer_maker":true,"price":0.09,"quantity":1158.0,"timestamp":1772552638164},{"is_buyer_maker":true,"price":0.09,"quantity":130.0,"timestamp":1772552638449},{"is_buyer_maker":true,"price":0.09,"quantity":30069.0,"timestamp":1772552638633},{"is_buyer_maker":false,"price":0.09,"quantity":234.0,"timestamp":1772552638792},{"is_buyer_maker":false,"price":0.09001,"quantity":2793.0,"timestamp":1772552638800},{"is_buyer_maker":true,"price":0.09,"quantity":5710.0,"timestamp":1772552639348},{"is_buyer_maker":true,"price":0.09,"quantity":11779.0,"timestamp":1772552639491},{"is_buyer_maker":true,"price":0.09,"quantity":4310.0,"timestamp":1772552639823},{"is_buyer_maker":true,"price":0.08999,"quantity":80509.0,"timestamp":1772552639823},{"is_buyer_maker":true,"price":0.09,"quantity":4310.0,"timestamp":1772552639823},{"is_buyer_maker":true,"price":0.08999,"quantity":80509.0,"timestamp":1772552639823},{"is_buyer_maker":true,"price":0.09,"quantity":4310.0,"timestamp":1772552639823},{"is_buyer_maker":true,"price":0.08999,"quantity":80509.0,"timestamp":1772552639823},{"is_buyer_maker":true,"price":0.09,"quantity":4310.0,"timestamp":1772552639823},{"is_buyer_maker":true,"price":0.08999,"quantity":80509.0,"timestamp":1772552639823},{"is_buyer_maker":true,"price":0.09,"quantity":4310.0,"timestamp":1772552639823},{"is_buyer_maker":true,"price":0.08999,"quantity":80509.0,"timestamp":1772552639823},{"is_buyer_maker":true,"price":0.09,"quantity":4310.0,"timestamp":1772552639823},{"is_buyer_maker":true,"price":0.08999,"quantity":80509.0,"timestamp":1772552639823},{"is_buyer_maker":true,"price":0.09,"quantity":4310.0,"timestamp":1772552639823},{"is_buyer_maker":true,"price":0.08999,"quantity":80509.0,"timestamp":1772552639823},{"is_buyer_maker":true,"price":0.09,"quantity":4310.0,"timestamp":1772552639823},{"is_buyer_maker":true,"price":0.08999,"quantity":80509.0,"timestamp":1772552639823},{"is_buyer_maker":true,"price":0.09,"quantity":4310.0,"timestamp":1772552639823},{"is_buyer_maker":true,"price":0.08999,"quantity":80509.0,"timestamp":1772552639823},{"is_buyer_maker":true,"price":0.09,"quantity":4310.0,"timestamp":1772552639823},{"is_buyer_maker":true,"price":0.08999,"quantity":80509.0,"timestamp":1772552639823},{"is_buyer_maker":true,"price":0.09,"quantity":4310.0,"timestamp":1772552639823},{"is_buyer_maker":true,"price":0.08999,"quantity":80509.0,"timestamp":1772552639823},{"is_buyer_maker":true,"price":0.09,"quantity":4310.0,"timestamp":1772552639823},{"is_buyer_maker":true,"price":0.08999,"quantity":80509.0,"timestamp":1772552639823},{"is_buyer_maker":true,"price":0.09,"quantity":4310.0,"timestamp":1772552639823},{"is_buyer_maker":true,"price":0.08999,"quantity":80509.0,"timestamp":1772552639823},{"is_buyer_maker":true,"price":0.09,"quantity":4310.0,"timestamp":1772552639823},{"is_buyer_maker":true,"price":0.08999,"quantity":80509.0,"timestamp":1772552639823},{"is_buyer_maker":true,"price":0.09,"quantity":4310.0,"timestamp":1772552639823},{"is_buyer_maker":true,"price":0.08999,"quantity":80509.0,"timestamp":1772552639823},{"is_buyer_maker":true,"price":0.09,"quantity":4310.0,"timestamp":1772552639823},{"is_buyer_maker":true,"price":0.08999,"quantity":80509.0,"timestamp":1772552639823},{"is_buyer_maker":true,"price":0.09,"quantity":4310.0,"timestamp":1772552639823},{"is_buyer_maker":true,"price":0.08999,"quantity":80509.0,"timestamp":1772552639823},{"is_buyer_maker":true,"price":0.09,"quantity":4310.0,"timestamp":1772552639823},{"is_buyer_maker":true,"price":0.08999,"quantity":80509.0,"timestamp":1772552639823},{"is_buyer_maker":true,"price":0.09,"quantity":4310.0,"timestamp":1772552639823},{"is_buyer_maker":true,"price":0.08999,"quantity":80509.0,"timestamp":1772552639823},{"is_buyer_maker":true,"price":0.08998,"quantity":14439.0,"timestamp":1772552639909},{"is_buyer_maker":false,"price":0.08999,"quantity":152.0,"timestamp":1772552639967},{"is_buyer_maker":true,"price":0.08998,"quantity":233.0,"timestamp":1772552639973},{"is_buyer_maker":true,"price":0.08997,"quantity":4613.0,"timestamp":1772552639980},{"is_buyer_maker":false,"price":0.08998,"quantity":21997.0,"timestamp":1772552639987},{"is_buyer_maker":false,"price":0.08999,"quantity":4031.0,"timestamp":1772552640008},{"is_buyer_maker":false,"price":0.09,"quantity":12443.0,"timestamp":1772552640030},{"is_buyer_maker":true,"price":0.09,"quantity":110.0,"timestamp":1772552640112},{"is_buyer_maker":true,"price":0.09,"quantity":71188.0,"timestamp":1772552640317},{"is_buyer_maker":true,"price":0.08999,"quantity":289.0,"timestamp":1772552640345},{"is_buyer_maker":false,"price":0.08999,"quantity":616.0,"timestamp":1772552640528},{"is_buyer_maker":false,"price":0.09,"quantity":340.0,"timestamp":1772552640662},{"is_buyer_maker":true,"price":0.08999,"quantity":288.0,"timestamp":1772552640763},{"is_buyer_maker":true,"price":0.08998,"quantity":39347.0,"timestamp":1772552641008},{"is_buyer_maker":true,"price":0.08998,"quantity":188.0,"timestamp":1772552641171},{"is_buyer_maker":false,"price":0.08999,"quantity":40483.0,"timestamp":1772552641406},{"is_buyer_maker":false,"price":0.08999,"quantity":20175.0,"timestamp":1772552641769},{"is_buyer_maker":true,"price":0.08999,"quantity":468.0,"timestamp":1772552642161},{"is_buyer_maker":true,"price":0.08999,"quantity":20564.0,"timestamp":1772552642436},{"is_buyer_maker":true,"price":0.08998,"quantity":1069.0,"timestamp":1772552642490},{"is_buyer_maker":false,"price":0.08999,"quantity":67.0,"timestamp":1772552642561},{"is_buyer_maker":true,"price":0.08998,"quantity":318.0,"timestamp":1772552642587},{"is_buyer_maker":true,"price":0.08998,"quantity":417.0,"timestamp":1772552642928},{"is_buyer_maker":true,"price":0.08997,"quantity":5622.0,"timestamp":1772552643040},{"is_buyer_maker":true,"price":0.08997,"quantity":1120.0,"timestamp":1772552643175},{"is_buyer_maker":true,"price":0.08996,"quantity":4659.0,"timestamp":1772552643236},{"is_buyer_maker":false,"price":0.08997,"quantity":1882.0,"timestamp":1772552643416},{"is_buyer_maker":false,"price":0.08998,"quantity":344802.0,"timestamp":1772552643590},{"is_buyer_maker":false,"price":0.08999,"quantity":13660.0,"timestamp":1772552643745},{"is_buyer_maker":false,"price":0.09,"quantity":17524.0,"timestamp":1772552643793},{"is_buyer_maker":false,"price":0.09001,"quantity":49961.0,"timestamp":1772552644839},{"is_buyer_maker":false,"price":0.09002,"quantity":75989.0,"timestamp":1772552645497},{"is_buyer_maker":false,"price":0.09003,"quantity":77818.0,"timestamp":1772552645501},{"is_buyer_maker":false,"price":0.09004,"quantity":129681.0,"timestamp":1772552645519},{"is_buyer_maker":false,"price":0.09005,"quantity":17102.0,"timestamp":1772552645724},{"is_buyer_maker":false,"price":0.09006,"quantity":4816.0,"timestamp":1772552645754},{"is_buyer_maker":false,"price":0.09007,"quantity":692.0,"timestamp":1772552645766},{"is_buyer_maker":true,"price":0.09006,"quantity":1110.0,"timestamp":1772552645865},{"is_buyer_maker":false,"price":0.09007,"quantity":111258.0,"timestamp":1772552645879},{"is_buyer_maker":true,"price":0.09006,"quantity":33284.0,"timestamp":1772552645995},{"is_buyer_maker":true,"price":0.09005,"quantity":416.0,"timestamp":1772552646005},{"is_buyer_maker":false,"price":0.09006,"quantity":51060.0,"timestamp":1772552646194},{"is_buyer_maker":true,"price":0.09005,"quantity":2583.0,"timestamp":1772552646319},{"is_buyer_maker":false,"price":0.09006,"quantity":1813.0,"timestamp":1772552646409},{"is_buyer_maker":false,"price":0.09006,"quantity":1841.0,"timestamp":1772552646533},{"is_buyer_maker":true,"price":0.09006,"quantity":536899.0,"timestamp":1772552646563},{"is_buyer_maker":true,"price":0.09005,"quantity":777.0,"timestamp":1772552646574},{"is_buyer_maker":true,"price":0.09004,"quantity":742.0,"timestamp":1772552646599},{"is_buyer_maker":true,"price":0.09004,"quantity":111.0,"timestamp":1772552646823},{"is_buyer_maker":true,"price":0.09004,"quantity":1817.0,"timestamp":1772552646942},{"is_buyer_maker":false,"price":0.09005,"quantity":62.0,"timestamp":1772552647001},{"is_buyer_maker":false,"price":0.09005,"quantity":1470.0,"timestamp":1772552647210},{"is_buyer_maker":true,"price":0.09005,"quantity":12026.0,"timestamp":1772552647440},{"is_buyer_maker":true,"price":0.09004,"quantity":58784.0,"timestamp":1772552647544},{"is_buyer_maker":false,"price":0.09004,"quantity":828.0,"timestamp":1772552647576},{"is_buyer_maker":false,"price":0.09004,"quantity":12.0,"timestamp":1772552648215},{"is_buyer_maker":true,"price":0.09003,"quantity":12147.0,"timestamp":1772552648685},{"is_buyer_maker":true,"price":0.09002,"quantity":1442.0,"timestamp":1772552648790},{"is_buyer_maker":true,"price":0.09001,"quantity":5196.0,"timestamp":1772552649971},{"is_buyer_maker":true,"price":0.09001,"quantity":59418.0,"timestamp":1772552650303},{"is_buyer_maker":false,"price":0.09001,"quantity":21.0,"timestamp":1772552650598},{"is_buyer_maker":false,"price":0.09001,"quantity":1000.0,"timestamp":1772552651029},{"is_buyer_maker":true,"price":0.09,"quantity":58108.0,"timestamp":1772552651044},{"is_buyer_maker":true,"price":0.08999,"quantity":1976.0,"timestamp":1772552651233},{"is_buyer_maker":false,"price":0.08999,"quantity":2222.0,"timestamp":1772552651995},{"is_buyer_maker":false,"price":0.08999,"quantity":21955.0,"timestamp":1772552652574},{"is_buyer_maker":true,"price":0.08999,"quantity":9814.0,"timestamp":1772552652910},{"is_buyer_maker":true,"price":0.08998,"quantity":13510.0,"timestamp":1772552653144},{"is_buyer_maker":true,"price":0.08997,"quantity":71781.0,"timestamp":1772552653474},{"is_buyer_maker":true,"price":0.08996,"quantity":78309.0,"timestamp":1772552653481},{"is_buyer_maker":true,"price":0.08995,"quantity":61974.0,"timestamp":1772552653700},{"is_buyer_maker":true,"price":0.08994,"quantity":955.0,"timestamp":1772552653747},{"is_buyer_maker":true,"price":0.08993,"quantity":1009.0,"timestamp":1772552653794},{"is_buyer_maker":true,"price":0.08993,"quantity":59006.0,"timestamp":1772552653921},{"is_buyer_maker":true,"price":0.08993,"quantity":133.0,"timestamp":1772552654502},{"is_buyer_maker":true,"price":0.08993,"quantity":3334.0,"timestamp":1772552654834},{"is_buyer_maker":true,"price":0.08993,"quantity":57193.0,"timestamp":1772552655683},{"is_buyer_maker":true,"price":0.08992,"quantity":7254.0,"timestamp":1772552655747},{"is_buyer_maker":false,"price":0.08992,"quantity":474.0,"timestamp":1772552656067},{"is_buyer_maker":true,"price":0.08992,"quantity":921.0,"timestamp":1772552656083},{"is_buyer_maker":false,"price":0.08993,"quantity":700.0,"timestamp":1772552656201},{"is_buyer_maker":true,"price":0.08992,"quantity":3905.0,"timestamp":1772552656611},{"is_buyer_maker":true,"price":0.08991,"quantity":465.0,"timestamp":1772552657020},{"is_buyer_maker":false,"price":0.08992,"quantity":7820.0,"timestamp":1772552657129},{"is_buyer_maker":false,"price":0.08993,"quantity":6262.0,"timestamp":1772552657220},{"is_buyer_maker":true,"price":0.08993,"quantity":52151.0,"timestamp":1772552657334},{"is_buyer_maker":false,"price":0.08993,"quantity":1055.0,"timestamp":1772552657676},{"is_buyer_maker":false,"price":0.08993,"quantity":1060.0,"timestamp":1772552658150},{"is_buyer_maker":true,"price":0.08992,"quantity":46662.0,"timestamp":1772552658287},{"is_buyer_maker":true,"price":0.08991,"quantity":7607.0,"timestamp":1772552658874},{"is_buyer_maker":true,"price":0.0899,"quantity":142619.0,"timestamp":1772552659157},{"is_buyer_maker":false,"price":0.08991,"quantity":11497.0,"timestamp":1772552659348},{"is_buyer_maker":false,"price":0.08992,"quantity":2334.0,"timestamp":1772552659863},{"is_buyer_maker":true,"price":0.08991,"quantity":211.0,"timestamp":1772552659892},{"is_buyer_maker":true,"price":0.08991,"quantity":5621.0,"timestamp":1772552660042},{"is_buyer_maker":true,"price":0.08991,"quantity":26254.0,"timestamp":1772552660934},{"is_buyer_maker":true,"price":0.0899,"quantity":1491.0,"timestamp":1772552661061},{"is_buyer_maker":false,"price":0.0899,"quantity":2224.0,"timestamp":1772552661368},{"is_buyer_maker":true,"price":0.08989,"quantity":616.0,"timestamp":1772552661410},{"is_buyer_maker":true,"price":0.08989,"quantity":8162.0,"timestamp":1772552661522},{"is_buyer_maker":true,"price":0.08988,"quantity":72504.0,"timestamp":1772552661744},{"is_buyer_maker":false,"price":0.08988,"quantity":9.0,"timestamp":1772552662057},{"is_buyer_maker":false,"price":0.08988,"quantity":1030.0,"timestamp":1772552662288},{"is_buyer_maker":false,"price":0.08989,"quantity":5107.0,"timestamp":1772552662313},{"is_buyer_maker":true,"price":0.08989,"quantity":395.0,"timestamp":1772552662347},{"is_buyer_maker":false,"price":0.0899,"quantity":36393.0,"timestamp":1772552662441},{"is_buyer_maker":false,"price":0.08991,"quantity":1666.0,"timestamp":1772552662467},{"is_buyer_maker":true,"price":0.08991,"quantity":183.0,"timestamp":1772552662475},{"is_buyer_maker":true,"price":0.08991,"quantity":22374.0,"timestamp":1772552662595},{"is_buyer_maker":true,"price":0.08991,"quantity":1310.0,"timestamp":1772552663348},{"is_buyer_maker":false,"price":0.08991,"quantity":111259.0,"timestamp":1772552663469},{"is_buyer_maker":true,"price":0.0899,"quantity":133.0,"timestamp":1772552663693},{"is_buyer_maker":true,"price":0.0899,"quantity":804.0,"timestamp":1772552663869},{"is_buyer_maker":true,"price":0.0899,"quantity":65.0,"timestamp":1772552665176},{"is_buyer_maker":false,"price":0.08991,"quantity":357709.0,"timestamp":1772552666045},{"is_buyer_maker":true,"price":0.08991,"quantity":971.0,"timestamp":1772552666460},{"is_buyer_maker":false,"price":0.08992,"quantity":29389.0,"timestamp":1772552666794},{"is_buyer_maker":false,"price":0.08993,"quantity":157.0,"timestamp":1772552667259},{"is_buyer_maker":false,"price":0.08993,"quantity":59023.0,"timestamp":1772552667410},{"is_buyer_maker":false,"price":0.08994,"quantity":1257.0,"timestamp":1772552667716},{"is_buyer_maker":true,"price":0.08993,"quantity":24212.0,"timestamp":1772552668743},{"is_buyer_maker":true,"price":0.08992,"quantity":106545.0,"timestamp":1772552668743},{"is_buyer_maker":true,"price":0.08993,"quantity":24212.0,"timestamp":1772552668743},{"is_buyer_maker":true,"price":0.08992,"quantity":106545.0,"timestamp":1772552668743},{"is_buyer_maker":true,"price":0.08993,"quantity":24212.0,"timestamp":1772552668743},{"is_buyer_maker":true,"price":0.08992,"quantity":106545.0,"timestamp":1772552668743},{"is_buyer_maker":true,"price":0.08993,"quantity":24212.0,"timestamp":1772552668743},{"is_buyer_maker":true,"price":0.08992,"quantity":106545.0,"timestamp":1772552668743},{"is_buyer_maker":true,"price":0.08993,"quantity":24212.0,"timestamp":1772552668743},{"is_buyer_maker":true,"price":0.08992,"quantity":106545.0,"timestamp":1772552668743},{"is_buyer_maker":true,"price":0.08993,"quantity":24212.0,"timestamp":1772552668743},{"is_buyer_maker":true,"price":0.08992,"quantity":106545.0,"timestamp":1772552668743},{"is_buyer_maker":true,"price":0.08993,"quantity":24212.0,"timestamp":1772552668743},{"is_buyer_maker":true,"price":0.08992,"quantity":106545.0,"timestamp":1772552668743},{"is_buyer_maker":true,"price":0.08993,"quantity":24212.0,"timestamp":1772552668743},{"is_buyer_maker":true,"price":0.08992,"quantity":106545.0,"timestamp":1772552668743},{"is_buyer_maker":true,"price":0.08993,"quantity":24212.0,"timestamp":1772552668743},{"is_buyer_maker":true,"price":0.08992,"quantity":106545.0,"timestamp":1772552668743},{"is_buyer_maker":true,"price":0.08993,"quantity":24212.0,"timestamp":1772552668743},{"is_buyer_maker":true,"price":0.08992,"quantity":106545.0,"timestamp":1772552668743},{"is_buyer_maker":true,"price":0.08993,"quantity":24212.0,"timestamp":1772552668743},{"is_buyer_maker":true,"price":0.08992,"quantity":106545.0,"timestamp":1772552668743},{"is_buyer_maker":true,"price":0.08993,"quantity":24212.0,"timestamp":1772552668743},{"is_buyer_maker":true,"price":0.08992,"quantity":106545.0,"timestamp":1772552668743},{"is_buyer_maker":true,"price":0.08993,"quantity":24212.0,"timestamp":1772552668743},{"is_buyer_maker":true,"price":0.08992,"quantity":106545.0,"timestamp":1772552668743},{"is_buyer_maker":true,"price":0.08993,"quantity":24212.0,"timestamp":1772552668743},{"is_buyer_maker":true,"price":0.08992,"quantity":106545.0,"timestamp":1772552668743},{"is_buyer_maker":true,"price":0.08993,"quantity":24212.0,"timestamp":1772552668743},{"is_buyer_maker":true,"price":0.08992,"quantity":106545.0,"timestamp":1772552668743},{"is_buyer_maker":true,"price":0.08993,"quantity":24212.0,"timestamp":1772552668743},{"is_buyer_maker":true,"price":0.08992,"quantity":106545.0,"timestamp":1772552668743},{"is_buyer_maker":true,"price":0.08993,"quantity":24212.0,"timestamp":1772552668743},{"is_buyer_maker":true,"price":0.08992,"quantity":106545.0,"timestamp":1772552668743},{"is_buyer_maker":true,"price":0.08993,"quantity":24212.0,"timestamp":1772552668743},{"is_buyer_maker":true,"price":0.08992,"quantity":106545.0,"timestamp":1772552668743},{"is_buyer_maker":false,"price":0.08992,"quantity":17873.0,"timestamp":1772552668761},{"is_buyer_maker":true,"price":0.08991,"quantity":39492.0,"timestamp":1772552669083},{"is_buyer_maker":false,"price":0.08991,"quantity":693.0,"timestamp":1772552670307},{"is_buyer_maker":false,"price":0.08991,"quantity":11397.0,"timestamp":1772552670440},{"is_buyer_maker":true,"price":0.08991,"quantity":99.0,"timestamp":1772552670743},{"is_buyer_maker":true,"price":0.08991,"quantity":14484.0,"timestamp":1772552670959},{"is_buyer_maker":true,"price":0.0899,"quantity":19588.0,"timestamp":1772552670963},{"is_buyer_maker":false,"price":0.0899,"quantity":1075.0,"timestamp":1772552671227},{"is_buyer_maker":false,"price":0.08991,"quantity":56611.0,"timestamp":1772552671611},{"is_buyer_maker":true,"price":0.0899,"quantity":4224.0,"timestamp":1772552671912},{"is_buyer_maker":false,"price":0.08991,"quantity":47.0,"timestamp":1772552672611},{"is_buyer_maker":true,"price":0.0899,"quantity":1424.0,"timestamp":1772552672962},{"is_buyer_maker":false,"price":0.08991,"quantity":268.0,"timestamp":1772552673188},{"is_buyer_maker":false,"price":0.08991,"quantity":11827.0,"timestamp":1772552673358},{"is_buyer_maker":false,"price":0.08992,"quantity":4457.0,"timestamp":1772552674125},{"is_buyer_maker":false,"price":0.08993,"quantity":4403.0,"timestamp":1772552674133},{"is_buyer_maker":true,"price":0.08993,"quantity":210.0,"timestamp":1772552674247},{"is_buyer_maker":true,"price":0.08993,"quantity":244.0,"timestamp":1772552674375},{"is_buyer_maker":true,"price":0.08993,"quantity":10131.0,"timestamp":1772552675016},{"is_buyer_maker":true,"price":0.08992,"quantity":100.0,"timestamp":1772552675189},{"is_buyer_maker":false,"price":0.08993,"quantity":5652.0,"timestamp":1772552675730},{"is_buyer_maker":false,"price":0.08994,"quantity":2224.0,"timestamp":1772552675756},{"is_buyer_maker":false,"price":0.08994,"quantity":14409.0,"timestamp":1772552676949},{"is_buyer_maker":true,"price":0.08993,"quantity":4800.0,"timestamp":1772552677166},{"is_buyer_maker":false,"price":0.08994,"quantity":32891.0,"timestamp":1772552677403},{"is_buyer_maker":true,"price":0.08993,"quantity":1433.0,"timestamp":1772552677555},{"is_buyer_maker":false,"price":0.08994,"quantity":6005.0,"timestamp":1772552677910},{"is_buyer_maker":false,"price":0.08994,"quantity":32683.0,"timestamp":1772552678866},{"is_buyer_maker":true,"price":0.08993,"quantity":71.0,"timestamp":1772552678976},{"is_buyer_maker":true,"price":0.08993,"quantity":8682.0,"timestamp":1772552679102},{"is_buyer_maker":false,"price":0.08993,"quantity":2518.0,"timestamp":1772552679290},{"is_buyer_maker":true,"price":0.08993,"quantity":27808.0,"timestamp":1772552679423},{"is_buyer_maker":false,"price":0.08994,"quantity":17.0,"timestamp":1772552679462},{"is_buyer_maker":true,"price":0.08993,"quantity":7499.0,"timestamp":1772552679669},{"is_buyer_maker":false,"price":0.08994,"quantity":693.0,"timestamp":1772552679808},{"is_buyer_maker":true,"price":0.08993,"quantity":2811.0,"timestamp":1772552680037},{"is_buyer_maker":true,"price":0.08993,"quantity":63.0,"timestamp":1772552680239},{"is_buyer_maker":true,"price":0.08993,"quantity":1082.0,"timestamp":1772552680679},{"is_buyer_maker":true,"price":0.08993,"quantity":714.0,"timestamp":1772552681115},{"is_buyer_maker":true,"price":0.08993,"quantity":55598.0,"timestamp":1772552681624},{"is_buyer_maker":false,"price":0.08994,"quantity":120927.0,"timestamp":1772552681707},{"is_buyer_maker":true,"price":0.08993,"quantity":377526.0,"timestamp":1772552681816},{"is_buyer_maker":true,"price":0.08992,"quantity":306331.0,"timestamp":1772552681816},{"is_buyer_maker":true,"price":0.08993,"quantity":377526.0,"timestamp":1772552681816},{"is_buyer_maker":true,"price":0.08992,"quantity":306331.0,"timestamp":1772552681816},{"is_buyer_maker":true,"price":0.08993,"quantity":377526.0,"timestamp":1772552681816},{"is_buyer_maker":true,"price":0.08992,"quantity":306331.0,"timestamp":1772552681816},{"is_buyer_maker":true,"price":0.08993,"quantity":377526.0,"timestamp":1772552681816},{"is_buyer_maker":true,"price":0.08992,"quantity":306331.0,"timestamp":1772552681816},{"is_buyer_maker":true,"price":0.08993,"quantity":377526.0,"timestamp":1772552681816},{"is_buyer_maker":true,"price":0.08992,"quantity":306331.0,"timestamp":1772552681816},{"is_buyer_maker":true,"price":0.08993,"quantity":377526.0,"timestamp":1772552681816},{"is_buyer_maker":true,"price":0.08992,"quantity":306331.0,"timestamp":1772552681816},{"is_buyer_maker":true,"price":0.08993,"quantity":377526.0,"timestamp":1772552681816},{"is_buyer_maker":true,"price":0.08992,"quantity":306331.0,"timestamp":1772552681816},{"is_buyer_maker":true,"price":0.08993,"quantity":377526.0,"timestamp":1772552681816},{"is_buyer_maker":true,"price":0.08992,"quantity":306331.0,"timestamp":1772552681816},{"is_buyer_maker":true,"price":0.08993,"quantity":377526.0,"timestamp":1772552681816},{"is_buyer_maker":true,"price":0.08992,"quantity":306331.0,"timestamp":1772552681816},{"is_buyer_maker":true,"price":0.08993,"quantity":377526.0,"timestamp":1772552681816},{"is_buyer_maker":true,"price":0.08992,"quantity":306331.0,"timestamp":1772552681816},{"is_buyer_maker":true,"price":0.08993,"quantity":377526.0,"timestamp":1772552681816},{"is_buyer_maker":true,"price":0.08992,"quantity":306331.0,"timestamp":1772552681816},{"is_buyer_maker":true,"price":0.08993,"quantity":377526.0,"timestamp":1772552681816},{"is_buyer_maker":true,"price":0.08992,"quantity":306331.0,"timestamp":1772552681816},{"is_buyer_maker":true,"price":0.08993,"quantity":377526.0,"timestamp":1772552681816},{"is_buyer_maker":true,"price":0.08992,"quantity":306331.0,"timestamp":1772552681816},{"is_buyer_maker":true,"price":0.08993,"quantity":377526.0,"timestamp":1772552681816},{"is_buyer_maker":true,"price":0.08992,"quantity":306331.0,"timestamp":1772552681816},{"is_buyer_maker":true,"price":0.08993,"quantity":377526.0,"timestamp":1772552681816},{"is_buyer_maker":true,"price":0.08992,"quantity":306331.0,"timestamp":1772552681816},{"is_buyer_maker":true,"price":0.08993,"quantity":377526.0,"timestamp":1772552681816},{"is_buyer_maker":true,"price":0.08992,"quantity":306331.0,"timestamp":1772552681816},{"is_buyer_maker":true,"price":0.08993,"quantity":377526.0,"timestamp":1772552681816},{"is_buyer_maker":true,"price":0.08992,"quantity":306331.0,"timestamp":1772552681816},{"is_buyer_maker":true,"price":0.08993,"quantity":377526.0,"timestamp":1772552681816},{"is_buyer_maker":true,"price":0.08992,"quantity":306331.0,"timestamp":1772552681816},{"is_buyer_maker":false,"price":0.08993,"quantity":9657.0,"timestamp":1772552681948},{"is_buyer_maker":false,"price":0.08994,"quantity":68589.0,"timestamp":1772552681993},{"is_buyer_maker":false,"price":0.08995,"quantity":91363.0,"timestamp":1772552681993},{"is_buyer_maker":false,"price":0.08994,"quantity":68589.0,"timestamp":1772552681993},{"is_buyer_maker":false,"price":0.08995,"quantity":91363.0,"timestamp":1772552681993},{"is_buyer_maker":false,"price":0.08994,"quantity":68589.0,"timestamp":1772552681993},{"is_buyer_maker":false,"price":0.08995,"quantity":91363.0,"timestamp":1772552681993},{"is_buyer_maker":false,"price":0.08994,"quantity":68589.0,"timestamp":1772552681993},{"is_buyer_maker":false,"price":0.08995,"quantity":91363.0,"timestamp":1772552681993},{"is_buyer_maker":false,"price":0.08994,"quantity":68589.0,"timestamp":1772552681993},{"is_buyer_maker":false,"price":0.08995,"quantity":91363.0,"timestamp":1772552681993},{"is_buyer_maker":false,"price":0.08994,"quantity":68589.0,"timestamp":1772552681993},{"is_buyer_maker":false,"price":0.08995,"quantity":91363.0,"timestamp":1772552681993},{"is_buyer_maker":false,"price":0.08994,"quantity":68589.0,"timestamp":1772552681993},{"is_buyer_maker":false,"price":0.08995,"quantity":91363.0,"timestamp":1772552681993},{"is_buyer_maker":false,"price":0.08994,"quantity":68589.0,"timestamp":1772552681993},{"is_buyer_maker":false,"price":0.08995,"quantity":91363.0,"timestamp":1772552681993},{"is_buyer_maker":false,"price":0.08994,"quantity":68589.0,"timestamp":1772552681993},{"is_buyer_maker":false,"price":0.08995,"quantity":91363.0,"timestamp":1772552681993},{"is_buyer_maker":false,"price":0.08994,"quantity":68589.0,"timestamp":1772552681993},{"is_buyer_maker":false,"price":0.08995,"quantity":91363.0,"timestamp":1772552681993},{"is_buyer_maker":false,"price":0.08994,"quantity":68589.0,"timestamp":1772552681993},{"is_buyer_maker":false,"price":0.08995,"quantity":91363.0,"timestamp":1772552681993},{"is_buyer_maker":false,"price":0.08994,"quantity":68589.0,"timestamp":1772552681993},{"is_buyer_maker":false,"price":0.08995,"quantity":91363.0,"timestamp":1772552681993},{"is_buyer_maker":false,"price":0.08994,"quantity":68589.0,"timestamp":1772552681993},{"is_buyer_maker":false,"price":0.08995,"quantity":91363.0,"timestamp":1772552681993},{"is_buyer_maker":false,"price":0.08994,"quantity":68589.0,"timestamp":1772552681993},{"is_buyer_maker":false,"price":0.08995,"quantity":91363.0,"timestamp":1772552681993},{"is_buyer_maker":false,"price":0.08994,"quantity":68589.0,"timestamp":1772552681993},{"is_buyer_maker":false,"price":0.08995,"quantity":91363.0,"timestamp":1772552681993},{"is_buyer_maker":false,"price":0.08994,"quantity":68589.0,"timestamp":1772552681993},{"is_buyer_maker":false,"price":0.08995,"quantity":91363.0,"timestamp":1772552681993},{"is_buyer_maker":false,"price":0.08994,"quantity":68589.0,"timestamp":1772552681993},{"is_buyer_maker":false,"price":0.08995,"quantity":91363.0,"timestamp":1772552681993},{"is_buyer_maker":false,"price":0.08994,"quantity":68589.0,"timestamp":1772552681993},{"is_buyer_maker":false,"price":0.08995,"quantity":91363.0,"timestamp":1772552681993},{"is_buyer_maker":false,"price":0.08996,"quantity":22314.0,"timestamp":1772552681997},{"is_buyer_maker":false,"price":0.08997,"quantity":17242.0,"timestamp":1772552682118},{"is_buyer_maker":true,"price":0.08996,"quantity":505.0,"timestamp":1772552682575},{"is_buyer_maker":true,"price":0.08996,"quantity":68.0,"timestamp":1772552682714},{"is_buyer_maker":false,"price":0.08997,"quantity":1111.0,"timestamp":1772552682764},{"is_buyer_maker":true,"price":0.08996,"quantity":5000.0,"timestamp":1772552682839},{"is_buyer_maker":false,"price":0.08997,"quantity":2000.0,"timestamp":1772552682875},{"is_buyer_maker":true,"price":0.08996,"quantity":74034.0,"timestamp":1772552683014},{"is_buyer_maker":true,"price":0.08995,"quantity":11101.0,"timestamp":1772552683134},{"is_buyer_maker":false,"price":0.08995,"quantity":14.0,"timestamp":1772552683194},{"is_buyer_maker":false,"price":0.08995,"quantity":10992.0,"timestamp":1772552683606},{"is_buyer_maker":true,"price":0.08994,"quantity":11380.0,"timestamp":1772552683632},{"is_buyer_maker":true,"price":0.08993,"quantity":12533.0,"timestamp":1772552683679},{"is_buyer_maker":false,"price":0.08993,"quantity":1707.0,"timestamp":1772552683690},{"is_buyer_maker":false,"price":0.08993,"quantity":603.0,"timestamp":1772552684063},{"is_buyer_maker":false,"price":0.08993,"quantity":418.0,"timestamp":1772552684290},{"is_buyer_maker":true,"price":0.08993,"quantity":111.0,"timestamp":1772552684320},{"is_buyer_maker":false,"price":0.08994,"quantity":434.0,"timestamp":1772552684397},{"is_buyer_maker":true,"price":0.08993,"quantity":111.0,"timestamp":1772552685728},{"is_buyer_maker":false,"price":0.08994,"quantity":500.0,"timestamp":1772552685789},{"is_buyer_maker":false,"price":0.08994,"quantity":38.0,"timestamp":1772552686168},{"is_buyer_maker":true,"price":0.08993,"quantity":24020.0,"timestamp":1772552686515},{"is_buyer_maker":true,"price":0.08992,"quantity":65.0,"timestamp":1772552686571},{"is_buyer_maker":true,"price":0.08992,"quantity":5521.0,"timestamp":1772552687070},{"is_buyer_maker":true,"price":0.08991,"quantity":899.0,"timestamp":1772552687431},{"is_buyer_maker":true,"price":0.08991,"quantity":9922.0,"timestamp":1772552687700},{"is_buyer_maker":false,"price":0.08991,"quantity":22016.0,"timestamp":1772552687892},{"is_buyer_maker":false,"price":0.08991,"quantity":2.0,"timestamp":1772552688297},{"is_buyer_maker":true,"price":0.0899,"quantity":60188.0,"timestamp":1772552688546},{"is_buyer_maker":true,"price":0.0899,"quantity":236.0,"timestamp":1772552688861},{"is_buyer_maker":true,"price":0.0899,"quantity":2022.0,"timestamp":1772552689096},{"is_buyer_maker":true,"price":0.0899,"quantity":943.0,"timestamp":1772552689278},{"is_buyer_maker":false,"price":0.08991,"quantity":668.0,"timestamp":1772552689289},{"is_buyer_maker":true,"price":0.0899,"quantity":20900.0,"timestamp":1772552689427},{"is_buyer_maker":false,"price":0.08991,"quantity":5136.0,"timestamp":1772552689534},{"is_buyer_maker":true,"price":0.08991,"quantity":23408.0,"timestamp":1772552689780},{"is_buyer_maker":false,"price":0.08992,"quantity":816.0,"timestamp":1772552689838},{"is_buyer_maker":true,"price":0.08991,"quantity":460.0,"timestamp":1772552690008},{"is_buyer_maker":true,"price":0.08991,"quantity":2142.0,"timestamp":1772552690490},{"is_buyer_maker":false,"price":0.08992,"quantity":470.0,"timestamp":1772552690622},{"is_buyer_maker":true,"price":0.08992,"quantity":22373.0,"timestamp":1772552690689},{"is_buyer_maker":true,"price":0.08991,"quantity":348536.0,"timestamp":1772552690695},{"is_buyer_maker":true,"price":0.08992,"quantity":175.0,"timestamp":1772552690699},{"is_buyer_maker":true,"price":0.08991,"quantity":2114.0,"timestamp":1772552691052},{"is_buyer_maker":false,"price":0.08991,"quantity":1167.0,"timestamp":1772552691128},{"is_buyer_maker":true,"price":0.0899,"quantity":2.0,"timestamp":1772552691210},{"is_buyer_maker":false,"price":0.08991,"quantity":3142.0,"timestamp":1772552691301},{"is_buyer_maker":false,"price":0.08992,"quantity":612.0,"timestamp":1772552691333},{"is_buyer_maker":true,"price":0.08992,"quantity":5551.0,"timestamp":1772552691841},{"is_buyer_maker":false,"price":0.08992,"quantity":530.0,"timestamp":1772552692191},{"is_buyer_maker":false,"price":0.08993,"quantity":351.0,"timestamp":1772552692289},{"is_buyer_maker":false,"price":0.08994,"quantity":3747.0,"timestamp":1772552692390},{"is_buyer_maker":false,"price":0.08995,"quantity":702.0,"timestamp":1772552692415},{"is_buyer_maker":true,"price":0.08994,"quantity":560.0,"timestamp":1772552692423},{"is_buyer_maker":false,"price":0.08995,"quantity":176.0,"timestamp":1772552692434},{"is_buyer_maker":true,"price":0.08994,"quantity":28.0,"timestamp":1772552692450},{"is_buyer_maker":false,"price":0.08995,"quantity":234.0,"timestamp":1772552692450},{"is_buyer_maker":true,"price":0.08994,"quantity":28.0,"timestamp":1772552692450},{"is_buyer_maker":false,"price":0.08995,"quantity":234.0,"timestamp":1772552692450},{"is_buyer_maker":true,"price":0.08994,"quantity":28.0,"timestamp":1772552692450},{"is_buyer_maker":false,"price":0.08995,"quantity":234.0,"timestamp":1772552692450},{"is_buyer_maker":true,"price":0.08994,"quantity":28.0,"timestamp":1772552692450},{"is_buyer_maker":false,"price":0.08995,"quantity":234.0,"timestamp":1772552692450},{"is_buyer_maker":true,"price":0.08994,"quantity":28.0,"timestamp":1772552692450},{"is_buyer_maker":false,"price":0.08995,"quantity":234.0,"timestamp":1772552692450},{"is_buyer_maker":true,"price":0.08994,"quantity":28.0,"timestamp":1772552692450},{"is_buyer_maker":false,"price":0.08995,"quantity":234.0,"timestamp":1772552692450},{"is_buyer_maker":true,"price":0.08994,"quantity":28.0,"timestamp":1772552692450},{"is_buyer_maker":false,"price":0.08995,"quantity":234.0,"timestamp":1772552692450},{"is_buyer_maker":true,"price":0.08994,"quantity":28.0,"timestamp":1772552692450},{"is_buyer_maker":false,"price":0.08995,"quantity":234.0,"timestamp":1772552692450},{"is_buyer_maker":true,"price":0.08994,"quantity":28.0,"timestamp":1772552692450},{"is_buyer_maker":false,"price":0.08995,"quantity":234.0,"timestamp":1772552692450},{"is_buyer_maker":true,"price":0.08994,"quantity":28.0,"timestamp":1772552692450},{"is_buyer_maker":false,"price":0.08995,"quantity":234.0,"timestamp":1772552692450},{"is_buyer_maker":true,"price":0.08994,"quantity":28.0,"timestamp":1772552692450},{"is_buyer_maker":false,"price":0.08995,"quantity":234.0,"timestamp":1772552692450},{"is_buyer_maker":true,"price":0.08994,"quantity":28.0,"timestamp":1772552692450},{"is_buyer_maker":false,"price":0.08995,"quantity":234.0,"timestamp":1772552692450},{"is_buyer_maker":true,"price":0.08994,"quantity":28.0,"timestamp":1772552692450},{"is_buyer_maker":false,"price":0.08995,"quantity":234.0,"timestamp":1772552692450},{"is_buyer_maker":true,"price":0.08994,"quantity":28.0,"timestamp":1772552692450},{"is_buyer_maker":false,"price":0.08995,"quantity":234.0,"timestamp":1772552692450},{"is_buyer_maker":true,"price":0.08994,"quantity":28.0,"timestamp":1772552692450},{"is_buyer_maker":false,"price":0.08995,"quantity":234.0,"timestamp":1772552692450},{"is_buyer_maker":true,"price":0.08994,"quantity":28.0,"timestamp":1772552692450},{"is_buyer_maker":false,"price":0.08995,"quantity":234.0,"timestamp":1772552692450},{"is_buyer_maker":true,"price":0.08994,"quantity":28.0,"timestamp":1772552692450},{"is_buyer_maker":false,"price":0.08995,"quantity":234.0,"timestamp":1772552692450},{"is_buyer_maker":true,"price":0.08994,"quantity":28.0,"timestamp":1772552692450},{"is_buyer_maker":false,"price":0.08995,"quantity":234.0,"timestamp":1772552692450},{"is_buyer_maker":false,"price":0.08996,"quantity":519.0,"timestamp":1772552692588},{"is_buyer_maker":true,"price":0.08996,"quantity":38471.0,"timestamp":1772552692857},{"is_buyer_maker":false,"price":0.08996,"quantity":49.0,"timestamp":1772552693175},{"is_buyer_maker":false,"price":0.08996,"quantity":566.0,"timestamp":1772552693514},{"is_buyer_maker":true,"price":0.08995,"quantity":72.0,"timestamp":1772552693598},{"is_buyer_maker":false,"price":0.08996,"quantity":2223.0,"timestamp":1772552694097},{"is_buyer_maker":true,"price":0.08995,"quantity":118422.0,"timestamp":1772552694137},{"is_buyer_maker":false,"price":0.08995,"quantity":58639.0,"timestamp":1772552694387},{"is_buyer_maker":false,"price":0.08996,"quantity":3000.0,"timestamp":1772552694572},{"is_buyer_maker":true,"price":0.08995,"quantity":137.0,"timestamp":1772552694785},{"is_buyer_maker":false,"price":0.08996,"quantity":4574.0,"timestamp":1772552695146},{"is_buyer_maker":false,"price":0.08997,"quantity":1202.0,"timestamp":1772552695146},{"is_buyer_maker":false,"price":0.08996,"quantity":4574.0,"timestamp":1772552695146},{"is_buyer_maker":false,"price":0.08997,"quantity":1202.0,"timestamp":1772552695146},{"is_buyer_maker":false,"price":0.08996,"quantity":4574.0,"timestamp":1772552695146},{"is_buyer_maker":false,"price":0.08997,"quantity":1202.0,"timestamp":1772552695146},{"is_buyer_maker":false,"price":0.08996,"quantity":4574.0,"timestamp":1772552695146},{"is_buyer_maker":false,"price":0.08997,"quantity":1202.0,"timestamp":1772552695146},{"is_buyer_maker":false,"price":0.08996,"quantity":4574.0,"timestamp":1772552695146},{"is_buyer_maker":false,"price":0.08997,"quantity":1202.0,"timestamp":1772552695146},{"is_buyer_maker":false,"price":0.08996,"quantity":4574.0,"timestamp":1772552695146},{"is_buyer_maker":false,"price":0.08997,"quantity":1202.0,"timestamp":1772552695146},{"is_buyer_maker":false,"price":0.08996,"quantity":4574.0,"timestamp":1772552695146},{"is_buyer_maker":false,"price":0.08997,"quantity":1202.0,"timestamp":1772552695146},{"is_buyer_maker":false,"price":0.08996,"quantity":4574.0,"timestamp":1772552695146},{"is_buyer_maker":false,"price":0.08997,"quantity":1202.0,"timestamp":1772552695146},{"is_buyer_maker":false,"price":0.08996,"quantity":4574.0,"timestamp":1772552695146},{"is_buyer_maker":false,"price":0.08997,"quantity":1202.0,"timestamp":1772552695146},{"is_buyer_maker":false,"price":0.08996,"quantity":4574.0,"timestamp":1772552695146},{"is_buyer_maker":false,"price":0.08997,"quantity":1202.0,"timestamp":1772552695146},{"is_buyer_maker":false,"price":0.08996,"quantity":4574.0,"timestamp":1772552695146},{"is_buyer_maker":false,"price":0.08997,"quantity":1202.0,"timestamp":1772552695146},{"is_buyer_maker":false,"price":0.08996,"quantity":4574.0,"timestamp":1772552695146},{"is_buyer_maker":false,"price":0.08997,"quantity":1202.0,"timestamp":1772552695146},{"is_buyer_maker":false,"price":0.08996,"quantity":4574.0,"timestamp":1772552695146},{"is_buyer_maker":false,"price":0.08997,"quantity":1202.0,"timestamp":1772552695146},{"is_buyer_maker":false,"price":0.08996,"quantity":4574.0,"timestamp":1772552695146},{"is_buyer_maker":false,"price":0.08997,"quantity":1202.0,"timestamp":1772552695146},{"is_buyer_maker":false,"price":0.08996,"quantity":4574.0,"timestamp":1772552695146},{"is_buyer_maker":false,"price":0.08997,"quantity":1202.0,"timestamp":1772552695146},{"is_buyer_maker":false,"price":0.08996,"quantity":4574.0,"timestamp":1772552695146},{"is_buyer_maker":false,"price":0.08997,"quantity":1202.0,"timestamp":1772552695146},{"is_buyer_maker":false,"price":0.08996,"quantity":4574.0,"timestamp":1772552695146},{"is_buyer_maker":false,"price":0.08997,"quantity":1202.0,"timestamp":1772552695146},{"is_buyer_maker":false,"price":0.08996,"quantity":4574.0,"timestamp":1772552695146},{"is_buyer_maker":false,"price":0.08997,"quantity":1202.0,"timestamp":1772552695146},{"is_buyer_maker":false,"price":0.08997,"quantity":44.0,"timestamp":1772552695517},{"is_buyer_maker":false,"price":0.08997,"quantity":6335.0,"timestamp":1772552695683},{"is_buyer_maker":true,"price":0.08996,"quantity":83.0,"timestamp":1772552695882},{"is_buyer_maker":true,"price":0.08996,"quantity":555.0,"timestamp":1772552696265},{"is_buyer_maker":true,"price":0.08996,"quantity":9225.0,"timestamp":1772552696628},{"is_buyer_maker":true,"price":0.08995,"quantity":5067.0,"timestamp":1772552697111},{"is_buyer_maker":true,"price":0.08994,"quantity":99.0,"timestamp":1772552697692},{"is_buyer_maker":true,"price":0.08994,"quantity":164.0,"timestamp":1772552698065},{"is_buyer_maker":true,"price":0.08994,"quantity":8240.0,"timestamp":1772552698386},{"is_buyer_maker":true,"price":0.08993,"quantity":579.0,"timestamp":1772552698391},{"is_buyer_maker":false,"price":0.08994,"quantity":66.0,"timestamp":1772552698597},{"is_buyer_maker":true,"price":0.08993,"quantity":100.0,"timestamp":1772552699252},{"is_buyer_maker":false,"price":0.08994,"quantity":1589.0,"timestamp":1772552699366},{"is_buyer_maker":true,"price":0.08993,"quantity":134.0,"timestamp":1772552699718},{"is_buyer_maker":false,"price":0.08994,"quantity":1148.0,"timestamp":1772552700086},{"is_buyer_maker":true,"price":0.08993,"quantity":38.0,"timestamp":1772552700485},{"is_buyer_maker":false,"price":0.08994,"quantity":69347.0,"timestamp":1772552700501},{"is_buyer_maker":false,"price":0.08995,"quantity":208.0,"timestamp":1772552700562},{"is_buyer_maker":true,"price":0.08994,"quantity":233.0,"timestamp":1772552700593},{"is_buyer_maker":false,"price":0.08994,"quantity":234.0,"timestamp":1772552700701},{"is_buyer_maker":false,"price":0.08995,"quantity":1204.0,"timestamp":1772552700964},{"is_buyer_maker":false,"price":0.08996,"quantity":1381.0,"timestamp":1772552701034},{"is_buyer_maker":false,"price":0.08996,"quantity":1345.0,"timestamp":1772552701190},{"is_buyer_maker":true,"price":0.08996,"quantity":265.0,"timestamp":1772552701470},{"is_buyer_maker":false,"price":0.08997,"quantity":27214.0,"timestamp":1772552701618},{"is_buyer_maker":false,"price":0.08998,"quantity":927.0,"timestamp":1772552701678},{"is_buyer_maker":false,"price":0.08998,"quantity":409.0,"timestamp":1772552701787},{"is_buyer_maker":false,"price":0.08999,"quantity":313.0,"timestamp":1772552701859},{"is_buyer_maker":true,"price":0.08998,"quantity":391.0,"timestamp":1772552702089},{"is_buyer_maker":false,"price":0.08999,"quantity":3.0,"timestamp":1772552702191},{"is_buyer_maker":true,"price":0.08998,"quantity":1053.0,"timestamp":1772552702220},{"is_buyer_maker":true,"price":0.08998,"quantity":12626.0,"timestamp":1772552702486},{"is_buyer_maker":false,"price":0.08999,"quantity":12587.0,"timestamp":1772552702696},{"is_buyer_maker":false,"price":0.09,"quantity":219426.0,"timestamp":1772552702946},{"is_buyer_maker":false,"price":0.09001,"quantity":105572.0,"timestamp":1772552703056},{"is_buyer_maker":true,"price":0.09001,"quantity":11097.0,"timestamp":1772552703145},{"is_buyer_maker":true,"price":0.09001,"quantity":22318.0,"timestamp":1772552703265},{"is_buyer_maker":false,"price":0.09001,"quantity":201.0,"timestamp":1772552703377},{"is_buyer_maker":false,"price":0.09001,"quantity":2777.0,"timestamp":1772552703517},{"is_buyer_maker":false,"price":0.09001,"quantity":234.0,"timestamp":1772552703634},{"is_buyer_maker":true,"price":0.09001,"quantity":91.0,"timestamp":1772552703990},{"is_buyer_maker":true,"price":0.09001,"quantity":22350.0,"timestamp":1772552704134},{"is_buyer_maker":true,"price":0.09,"quantity":14713.0,"timestamp":1772552704151},{"is_buyer_maker":true,"price":0.08999,"quantity":91359.0,"timestamp":1772552704155},{"is_buyer_maker":true,"price":0.08998,"quantity":982.0,"timestamp":1772552704186},{"is_buyer_maker":false,"price":0.08999,"quantity":20834.0,"timestamp":1772552704275},{"is_buyer_maker":false,"price":0.09,"quantity":742.0,"timestamp":1772552704295},{"is_buyer_maker":true,"price":0.08999,"quantity":144.0,"timestamp":1772552704348},{"is_buyer_maker":false,"price":0.09,"quantity":27417.0,"timestamp":1772552704406},{"is_buyer_maker":false,"price":0.09001,"quantity":8444.0,"timestamp":1772552704464},{"is_buyer_maker":true,"price":0.09,"quantity":339.0,"timestamp":1772552704492},{"is_buyer_maker":false,"price":0.09001,"quantity":133.0,"timestamp":1772552704524},{"is_buyer_maker":true,"price":0.09,"quantity":94.0,"timestamp":1772552704559},{"is_buyer_maker":true,"price":0.09,"quantity":672.0,"timestamp":1772552704847},{"is_buyer_maker":false,"price":0.09001,"quantity":89137.0,"timestamp":1772552704981},{"is_buyer_maker":false,"price":0.09002,"quantity":82435.0,"timestamp":1772552705001},{"is_buyer_maker":true,"price":0.09002,"quantity":239.0,"timestamp":1772552705040},{"is_buyer_maker":false,"price":0.09003,"quantity":996.0,"timestamp":1772552705070},{"is_buyer_maker":false,"price":0.09004,"quantity":39087.0,"timestamp":1772552705120},{"is_buyer_maker":false,"price":0.09005,"quantity":110.0,"timestamp":1772552705208},{"is_buyer_maker":true,"price":0.09004,"quantity":69343.0,"timestamp":1772552705249},{"is_buyer_maker":true,"price":0.09003,"quantity":418.0,"timestamp":1772552705355},{"is_buyer_maker":false,"price":0.09004,"quantity":111.0,"timestamp":1772552705489},{"is_buyer_maker":true,"price":0.09003,"quantity":150.0,"timestamp":1772552705537},{"is_buyer_maker":true,"price":0.09003,"quantity":601.0,"timestamp":1772552705753},{"is_buyer_maker":false,"price":0.09004,"quantity":634.0,"timestamp":1772552705819},{"is_buyer_maker":true,"price":0.09003,"quantity":9556.0,"timestamp":1772552705978},{"is_buyer_maker":true,"price":0.09002,"quantity":1067.0,"timestamp":1772552706037},{"is_buyer_maker":true,"price":0.09001,"quantity":42453.0,"timestamp":1772552706170},{"is_buyer_maker":false,"price":0.09001,"quantity":233.0,"timestamp":1772552706394},{"is_buyer_maker":true,"price":0.09001,"quantity":1565.0,"timestamp":1772552706693},{"is_buyer_maker":true,"price":0.09,"quantity":33849.0,"timestamp":1772552706720},{"is_buyer_maker":false,"price":0.09,"quantity":1551.0,"timestamp":1772552706857},{"is_buyer_maker":false,"price":0.09,"quantity":314.0,"timestamp":1772552706982},{"is_buyer_maker":true,"price":0.08999,"quantity":14409.0,"timestamp":1772552707006},{"is_buyer_maker":true,"price":0.08999,"quantity":1091.0,"timestamp":1772552707235},{"is_buyer_maker":false,"price":0.09,"quantity":474.0,"timestamp":1772552707240},{"is_buyer_maker":true,"price":0.09,"quantity":21490.0,"timestamp":1772552707331},{"is_buyer_maker":true,"price":0.08999,"quantity":12676.0,"timestamp":1772552707518},{"is_buyer_maker":true,"price":0.08998,"quantity":3522.0,"timestamp":1772552707853},{"is_buyer_maker":true,"price":0.08997,"quantity":2775.0,"timestamp":1772552707913},{"is_buyer_maker":false,"price":0.08997,"quantity":1262.0,"timestamp":1772552708029},{"is_buyer_maker":false,"price":0.08998,"quantity":587.0,"timestamp":1772552708159},{"is_buyer_maker":true,"price":0.08998,"quantity":232.0,"timestamp":1772552708280},{"is_buyer_maker":false,"price":0.08998,"quantity":1472.0,"timestamp":1772552708593},{"is_buyer_maker":true,"price":0.08998,"quantity":2457.0,"timestamp":1772552709146},{"is_buyer_maker":false,"price":0.08998,"quantity":453.0,"timestamp":1772552709192},{"is_buyer_maker":true,"price":0.08998,"quantity":1111.0,"timestamp":1772552709613},{"is_buyer_maker":true,"price":0.08998,"quantity":58233.0,"timestamp":1772552710058},{"is_buyer_maker":true,"price":0.08997,"quantity":1833.0,"timestamp":1772552710077},{"is_buyer_maker":true,"price":0.08996,"quantity":16697.0,"timestamp":1772552710146},{"is_buyer_maker":true,"price":0.08995,"quantity":367.0,"timestamp":1772552710392},{"is_buyer_maker":false,"price":0.08996,"quantity":651.0,"timestamp":1772552710420},{"is_buyer_maker":false,"price":0.08997,"quantity":867.0,"timestamp":1772552710530},{"is_buyer_maker":true,"price":0.08996,"quantity":93.0,"timestamp":1772552710616},{"is_buyer_maker":false,"price":0.08997,"quantity":300.0,"timestamp":1772552710979},{"is_buyer_maker":true,"price":0.08996,"quantity":9920.0,"timestamp":1772552711055},{"is_buyer_maker":false,"price":0.08997,"quantity":2123.0,"timestamp":1772552711322},{"is_buyer_maker":false,"price":0.08998,"quantity":1114.0,"timestamp":1772552711361},{"is_buyer_maker":true,"price":0.08997,"quantity":1581.0,"timestamp":1772552711549},{"is_buyer_maker":false,"price":0.08998,"quantity":3.0,"timestamp":1772552712011},{"is_buyer_maker":false,"price":0.08998,"quantity":915.0,"timestamp":1772552712376},{"is_buyer_maker":true,"price":0.08998,"quantity":20454.0,"timestamp":1772552712856},{"is_buyer_maker":true,"price":0.08997,"quantity":9650.0,"timestamp":1772552712938},{"is_buyer_maker":true,"price":0.08996,"quantity":541.0,"timestamp":1772552712947},{"is_buyer_maker":true,"price":0.08995,"quantity":453.0,"timestamp":1772552713089},{"is_buyer_maker":true,"price":0.08994,"quantity":52552.0,"timestamp":1772552713193},{"is_buyer_maker":true,"price":0.08993,"quantity":10804.0,"timestamp":1772552713193},{"is_buyer_maker":true,"price":0.08994,"quantity":52552.0,"timestamp":1772552713193},{"is_buyer_maker":true,"price":0.08993,"quantity":10804.0,"timestamp":1772552713193},{"is_buyer_maker":true,"price":0.08994,"quantity":52552.0,"timestamp":1772552713193},{"is_buyer_maker":true,"price":0.08993,"quantity":10804.0,"timestamp":1772552713193},{"is_buyer_maker":true,"price":0.08994,"quantity":52552.0,"timestamp":1772552713193},{"is_buyer_maker":true,"price":0.08993,"quantity":10804.0,"timestamp":1772552713193},{"is_buyer_maker":true,"price":0.08994,"quantity":52552.0,"timestamp":1772552713193},{"is_buyer_maker":true,"price":0.08993,"quantity":10804.0,"timestamp":1772552713193},{"is_buyer_maker":true,"price":0.08994,"quantity":52552.0,"timestamp":1772552713193},{"is_buyer_maker":true,"price":0.08993,"quantity":10804.0,"timestamp":1772552713193},{"is_buyer_maker":true,"price":0.08994,"quantity":52552.0,"timestamp":1772552713193},{"is_buyer_maker":true,"price":0.08993,"quantity":10804.0,"timestamp":1772552713193},{"is_buyer_maker":true,"price":0.08994,"quantity":52552.0,"timestamp":1772552713193},{"is_buyer_maker":true,"price":0.08993,"quantity":10804.0,"timestamp":1772552713193},{"is_buyer_maker":true,"price":0.08994,"quantity":52552.0,"timestamp":1772552713193},{"is_buyer_maker":true,"price":0.08993,"quantity":10804.0,"timestamp":1772552713193},{"is_buyer_maker":true,"price":0.08994,"quantity":52552.0,"timestamp":1772552713193},{"is_buyer_maker":true,"price":0.08993,"quantity":10804.0,"timestamp":1772552713193},{"is_buyer_maker":true,"price":0.08994,"quantity":52552.0,"timestamp":1772552713193},{"is_buyer_maker":true,"price":0.08993,"quantity":10804.0,"timestamp":1772552713193},{"is_buyer_maker":true,"price":0.08994,"quantity":52552.0,"timestamp":1772552713193},{"is_buyer_maker":true,"price":0.08993,"quantity":10804.0,"timestamp":1772552713193},{"is_buyer_maker":true,"price":0.08994,"quantity":52552.0,"timestamp":1772552713193},{"is_buyer_maker":true,"price":0.08993,"quantity":10804.0,"timestamp":1772552713193},{"is_buyer_maker":true,"price":0.08994,"quantity":52552.0,"timestamp":1772552713193},{"is_buyer_maker":true,"price":0.08993,"quantity":10804.0,"timestamp":1772552713193},{"is_buyer_maker":true,"price":0.08994,"quantity":52552.0,"timestamp":1772552713193},{"is_buyer_maker":true,"price":0.08993,"quantity":10804.0,"timestamp":1772552713193},{"is_buyer_maker":true,"price":0.08994,"quantity":52552.0,"timestamp":1772552713193},{"is_buyer_maker":true,"price":0.08993,"quantity":10804.0,"timestamp":1772552713193},{"is_buyer_maker":true,"price":0.08994,"quantity":52552.0,"timestamp":1772552713193},{"is_buyer_maker":true,"price":0.08993,"quantity":10804.0,"timestamp":1772552713193},{"is_buyer_maker":false,"price":0.08994,"quantity":222271.0,"timestamp":1772552713231},{"is_buyer_maker":false,"price":0.08994,"quantity":1329.0,"timestamp":1772552713383},{"is_buyer_maker":false,"price":0.08995,"quantity":310.0,"timestamp":1772552713632},{"is_buyer_maker":false,"price":0.08995,"quantity":111.0,"timestamp":1772552714201},{"is_buyer_maker":false,"price":0.08995,"quantity":163474.0,"timestamp":1772552715618},{"is_buyer_maker":false,"price":0.08996,"quantity":74145.0,"timestamp":1772552715632},{"is_buyer_maker":false,"price":0.08997,"quantity":90530.0,"timestamp":1772552715635},{"is_buyer_maker":false,"price":0.08998,"quantity":10849.0,"timestamp":1772552715651},{"is_buyer_maker":false,"price":0.08999,"quantity":12072.0,"timestamp":1772552715683},{"is_buyer_maker":true,"price":0.08998,"quantity":625.0,"timestamp":1772552715714},{"is_buyer_maker":false,"price":0.08999,"quantity":3002.0,"timestamp":1772552715740},{"is_buyer_maker":false,"price":0.08999,"quantity":4329.0,"timestamp":1772552715977},{"is_buyer_maker":false,"price":0.08999,"quantity":89.0,"timestamp":1772552716122},{"is_buyer_maker":true,"price":0.08998,"quantity":16960.0,"timestamp":1772552716134},{"is_buyer_maker":true,"price":0.08997,"quantity":233.0,"timestamp":1772552716239},{"is_buyer_maker":false,"price":0.08997,"quantity":22510.0,"timestamp":1772552716296},{"is_buyer_maker":false,"price":0.08998,"quantity":347.0,"timestamp":1772552716390},{"is_buyer_maker":true,"price":0.08998,"quantity":351.0,"timestamp":1772552716633},{"is_buyer_maker":false,"price":0.08999,"quantity":65.0,"timestamp":1772552716650},{"is_buyer_maker":true,"price":0.08998,"quantity":19625.0,"timestamp":1772552716657},{"is_buyer_maker":false,"price":0.08999,"quantity":9810.0,"timestamp":1772552716912},{"is_buyer_maker":false,"price":0.09,"quantity":24508.0,"timestamp":1772552716912},{"is_buyer_maker":false,"price":0.08999,"quantity":9810.0,"timestamp":1772552716912},{"is_buyer_maker":false,"price":0.09,"quantity":24508.0,"timestamp":1772552716912},{"is_buyer_maker":false,"price":0.08999,"quantity":9810.0,"timestamp":1772552716912},{"is_buyer_maker":false,"price":0.09,"quantity":24508.0,"timestamp":1772552716912},{"is_buyer_maker":false,"price":0.08999,"quantity":9810.0,"timestamp":1772552716912},{"is_buyer_maker":false,"price":0.09,"quantity":24508.0,"timestamp":1772552716912},{"is_buyer_maker":false,"price":0.08999,"quantity":9810.0,"timestamp":1772552716912},{"is_buyer_maker":false,"price":0.09,"quantity":24508.0,"timestamp":1772552716912},{"is_buyer_maker":false,"price":0.08999,"quantity":9810.0,"timestamp":1772552716912},{"is_buyer_maker":false,"price":0.09,"quantity":24508.0,"timestamp":1772552716912},{"is_buyer_maker":false,"price":0.08999,"quantity":9810.0,"timestamp":1772552716912},{"is_buyer_maker":false,"price":0.09,"quantity":24508.0,"timestamp":1772552716912},{"is_buyer_maker":false,"price":0.08999,"quantity":9810.0,"timestamp":1772552716912},{"is_buyer_maker":false,"price":0.09,"quantity":24508.0,"timestamp":1772552716912},{"is_buyer_maker":false,"price":0.08999,"quantity":9810.0,"timestamp":1772552716912},{"is_buyer_maker":false,"price":0.09,"quantity":24508.0,"timestamp":1772552716912},{"is_buyer_maker":false,"price":0.08999,"quantity":9810.0,"timestamp":1772552716912},{"is_buyer_maker":false,"price":0.09,"quantity":24508.0,"timestamp":1772552716912},{"is_buyer_maker":false,"price":0.08999,"quantity":9810.0,"timestamp":1772552716912},{"is_buyer_maker":false,"price":0.09,"quantity":24508.0,"timestamp":1772552716912},{"is_buyer_maker":false,"price":0.08999,"quantity":9810.0,"timestamp":1772552716912},{"is_buyer_maker":false,"price":0.09,"quantity":24508.0,"timestamp":1772552716912},{"is_buyer_maker":false,"price":0.08999,"quantity":9810.0,"timestamp":1772552716912},{"is_buyer_maker":false,"price":0.09,"quantity":24508.0,"timestamp":1772552716912},{"is_buyer_maker":false,"price":0.08999,"quantity":9810.0,"timestamp":1772552716912},{"is_buyer_maker":false,"price":0.09,"quantity":24508.0,"timestamp":1772552716912},{"is_buyer_maker":false,"price":0.08999,"quantity":9810.0,"timestamp":1772552716912},{"is_buyer_maker":false,"price":0.09,"quantity":24508.0,"timestamp":1772552716912},{"is_buyer_maker":false,"price":0.08999,"quantity":9810.0,"timestamp":1772552716912},{"is_buyer_maker":false,"price":0.09,"quantity":24508.0,"timestamp":1772552716912},{"is_buyer_maker":false,"price":0.08999,"quantity":9810.0,"timestamp":1772552716912},{"is_buyer_maker":false,"price":0.09,"quantity":24508.0,"timestamp":1772552716912},{"is_buyer_maker":true,"price":0.08999,"quantity":1927.0,"timestamp":1772552716971},{"is_buyer_maker":false,"price":0.08999,"quantity":3426.0,"timestamp":1772552717354},{"is_buyer_maker":false,"price":0.08999,"quantity":238.0,"timestamp":1772552717499},{"is_buyer_maker":false,"price":0.09,"quantity":5515.0,"timestamp":1772552717612},{"is_buyer_maker":false,"price":0.09,"quantity":139.0,"timestamp":1772552717932},{"is_buyer_maker":true,"price":0.08999,"quantity":46071.0,"timestamp":1772552717971},{"is_buyer_maker":true,"price":0.08998,"quantity":46680.0,"timestamp":1772552718066},{"is_buyer_maker":false,"price":0.08998,"quantity":29301.0,"timestamp":1772552718135},{"is_buyer_maker":false,"price":0.08999,"quantity":175.0,"timestamp":1772552718162},{"is_buyer_maker":true,"price":0.08999,"quantity":56.0,"timestamp":1772552718245},{"is_buyer_maker":false,"price":0.09,"quantity":175.0,"timestamp":1772552718375},{"is_buyer_maker":false,"price":0.09,"quantity":992.0,"timestamp":1772552719477},{"is_buyer_maker":false,"price":0.09,"quantity":163045.0,"timestamp":1772552719957},{"is_buyer_maker":true,"price":0.09,"quantity":4616.0,"timestamp":1772552720335},{"is_buyer_maker":true,"price":0.08999,"quantity":129.0,"timestamp":1772552720346},{"is_buyer_maker":true,"price":0.08999,"quantity":183.0,"timestamp":1772552720788},{"is_buyer_maker":true,"price":0.08999,"quantity":72564.0,"timestamp":1772552721200},{"is_buyer_maker":true,"price":0.08998,"quantity":6586.0,"timestamp":1772552721448},{"is_buyer_maker":true,"price":0.08997,"quantity":295.0,"timestamp":1772552721475},{"is_buyer_maker":true,"price":0.08996,"quantity":395.0,"timestamp":1772552721685},{"is_buyer_maker":false,"price":0.08997,"quantity":828.0,"timestamp":1772552721718},{"is_buyer_maker":false,"price":0.08998,"quantity":345.0,"timestamp":1772552721853},{"is_buyer_maker":false,"price":0.08999,"quantity":593.0,"timestamp":1772552721857},{"is_buyer_maker":true,"price":0.08999,"quantity":671.0,"timestamp":1772552722151},{"is_buyer_maker":true,"price":0.08999,"quantity":1111.0,"timestamp":1772552722887},{"is_buyer_maker":true,"price":0.08999,"quantity":5717.0,"timestamp":1772552723318},{"is_buyer_maker":false,"price":0.08999,"quantity":7356.0,"timestamp":1772552723965},{"is_buyer_maker":false,"price":0.08999,"quantity":2766.0,"timestamp":1772552724067},{"is_buyer_maker":true,"price":0.08999,"quantity":233.0,"timestamp":1772552724400},{"is_buyer_maker":false,"price":0.08999,"quantity":29.0,"timestamp":1772552724683},{"is_buyer_maker":false,"price":0.08999,"quantity":94.0,"timestamp":1772552724979},{"is_buyer_maker":false,"price":0.08999,"quantity":48.0,"timestamp":1772552725656},{"is_buyer_maker":true,"price":0.08998,"quantity":63993.0,"timestamp":1772552726337},{"is_buyer_maker":true,"price":0.08997,"quantity":1588.0,"timestamp":1772552726353},{"is_buyer_maker":true,"price":0.08996,"quantity":146.0,"timestamp":1772552726795},{"is_buyer_maker":true,"price":0.08996,"quantity":60228.0,"timestamp":1772552727039},{"is_buyer_maker":true,"price":0.08995,"quantity":68411.0,"timestamp":1772552727056},{"is_buyer_maker":true,"price":0.08994,"quantity":85.0,"timestamp":1772552727113},{"is_buyer_maker":false,"price":0.08995,"quantity":1728.0,"timestamp":1772552727275},{"is_buyer_maker":false,"price":0.08996,"quantity":1401.0,"timestamp":1772552727323},{"is_buyer_maker":false,"price":0.08997,"quantity":9025.0,"timestamp":1772552727421},{"is_buyer_maker":true,"price":0.08996,"quantity":1873.0,"timestamp":1772552727464},{"is_buyer_maker":false,"price":0.08997,"quantity":10712.0,"timestamp":1772552727701},{"is_buyer_maker":false,"price":0.08998,"quantity":1228.0,"timestamp":1772552727711},{"is_buyer_maker":false,"price":0.08999,"quantity":1738.0,"timestamp":1772552728154},{"is_buyer_maker":false,"price":0.08999,"quantity":28.0,"timestamp":1772552728667},{"is_buyer_maker":true,"price":0.08998,"quantity":137.0,"timestamp":1772552728818},{"is_buyer_maker":true,"price":0.08998,"quantity":176.0,"timestamp":1772552728926},{"is_buyer_maker":false,"price":0.08999,"quantity":35470.0,"timestamp":1772552729550},{"is_buyer_maker":false,"price":0.09,"quantity":56083.0,"timestamp":1772552729580},{"is_buyer_maker":false,"price":0.09001,"quantity":8888.0,"timestamp":1772552729967},{"is_buyer_maker":false,"price":0.09002,"quantity":710.0,"timestamp":1772552730019},{"is_buyer_maker":false,"price":0.09003,"quantity":29314.0,"timestamp":1772552730196},{"is_buyer_maker":false,"price":0.09004,"quantity":8116.0,"timestamp":1772552730271},{"is_buyer_maker":false,"price":0.09005,"quantity":20000.0,"timestamp":1772552730353},{"is_buyer_maker":true,"price":0.09004,"quantity":412.0,"timestamp":1772552730367},{"is_buyer_maker":false,"price":0.09005,"quantity":142.0,"timestamp":1772552730452},{"is_buyer_maker":false,"price":0.09005,"quantity":29413.0,"timestamp":1772552730594},{"is_buyer_maker":true,"price":0.09005,"quantity":83370.0,"timestamp":1772552730746},{"is_buyer_maker":true,"price":0.09005,"quantity":1257.0,"timestamp":1772552730946},{"is_buyer_maker":false,"price":0.09006,"quantity":78530.0,"timestamp":1772552731242},{"is_buyer_maker":true,"price":0.09006,"quantity":2820.0,"timestamp":1772552731358},{"is_buyer_maker":false,"price":0.09007,"quantity":322629.0,"timestamp":1772552731432},{"is_buyer_maker":false,"price":0.09008,"quantity":13736.0,"timestamp":1772552731627},{"is_buyer_maker":true,"price":0.09008,"quantity":5551.0,"timestamp":1772552731637},{"is_buyer_maker":false,"price":0.09009,"quantity":667.0,"timestamp":1772552731641},{"is_buyer_maker":true,"price":0.09009,"quantity":5713.0,"timestamp":1772552731732},{"is_buyer_maker":false,"price":0.09009,"quantity":71.0,"timestamp":1772552731987},{"is_buyer_maker":true,"price":0.09008,"quantity":2759.0,"timestamp":1772552732068},{"is_buyer_maker":true,"price":0.09007,"quantity":1625.0,"timestamp":1772552732118},{"is_buyer_maker":false,"price":0.09007,"quantity":260.0,"timestamp":1772552732211},{"is_buyer_maker":true,"price":0.09006,"quantity":52132.0,"timestamp":1772552732235},{"is_buyer_maker":false,"price":0.09006,"quantity":66.0,"timestamp":1772552732623},{"is_buyer_maker":false,"price":0.09006,"quantity":119.0,"timestamp":1772552732730},{"is_buyer_maker":true,"price":0.09005,"quantity":392.0,"timestamp":1772552732855},{"is_buyer_maker":false,"price":0.09006,"quantity":32.0,"timestamp":1772552732949},{"is_buyer_maker":true,"price":0.09005,"quantity":118254.0,"timestamp":1772552732964},{"is_buyer_maker":true,"price":0.09004,"quantity":5951.0,"timestamp":1772552733109},{"is_buyer_maker":true,"price":0.09003,"quantity":295.0,"timestamp":1772552733169},{"is_buyer_maker":false,"price":0.09003,"quantity":234.0,"timestamp":1772552733338},{"is_buyer_maker":false,"price":0.09004,"quantity":16644.0,"timestamp":1772552733473},{"is_buyer_maker":true,"price":0.09003,"quantity":9339.0,"timestamp":1772552733861},{"is_buyer_maker":false,"price":0.09003,"quantity":19431.0,"timestamp":1772552734139},{"is_buyer_maker":true,"price":0.09002,"quantity":81015.0,"timestamp":1772552734412},{"is_buyer_maker":false,"price":0.09002,"quantity":361.0,"timestamp":1772552734683},{"is_buyer_maker":true,"price":0.09001,"quantity":115114.0,"timestamp":1772552735029},{"is_buyer_maker":false,"price":0.09001,"quantity":1269.0,"timestamp":1772552735257},{"is_buyer_maker":true,"price":0.09001,"quantity":658.0,"timestamp":1772552735391},{"is_buyer_maker":true,"price":0.09,"quantity":14211.0,"timestamp":1772552735728},{"is_buyer_maker":false,"price":0.09,"quantity":8.0,"timestamp":1772552735887},{"is_buyer_maker":true,"price":0.08999,"quantity":158.0,"timestamp":1772552735901},{"is_buyer_maker":true,"price":0.08999,"quantity":1298.0,"timestamp":1772552736278},{"is_buyer_maker":false,"price":0.09,"quantity":111.0,"timestamp":1772552736600},{"is_buyer_maker":true,"price":0.08999,"quantity":178.0,"timestamp":1772552737059},{"is_buyer_maker":false,"price":0.09,"quantity":54921.0,"timestamp":1772552737163},{"is_buyer_maker":false,"price":0.09001,"quantity":103923.0,"timestamp":1772552737363},{"is_buyer_maker":false,"price":0.09002,"quantity":542008.0,"timestamp":1772552737368},{"is_buyer_maker":false,"price":0.09003,"quantity":1400.0,"timestamp":1772552737434},{"is_buyer_maker":false,"price":0.09004,"quantity":381.0,"timestamp":1772552737491},{"is_buyer_maker":true,"price":0.09003,"quantity":68284.0,"timestamp":1772552737630},{"is_buyer_maker":false,"price":0.09003,"quantity":258164.0,"timestamp":1772552737653},{"is_buyer_maker":false,"price":0.09004,"quantity":67794.0,"timestamp":1772552737653},{"is_buyer_maker":false,"price":0.09003,"quantity":258164.0,"timestamp":1772552737653},{"is_buyer_maker":false,"price":0.09004,"quantity":67794.0,"timestamp":1772552737653},{"is_buyer_maker":false,"price":0.09003,"quantity":258164.0,"timestamp":1772552737653},{"is_buyer_maker":false,"price":0.09004,"quantity":67794.0,"timestamp":1772552737653},{"is_buyer_maker":false,"price":0.09003,"quantity":258164.0,"timestamp":1772552737653},{"is_buyer_maker":false,"price":0.09004,"quantity":67794.0,"timestamp":1772552737653},{"is_buyer_maker":false,"price":0.09003,"quantity":258164.0,"timestamp":1772552737653},{"is_buyer_maker":false,"price":0.09004,"quantity":67794.0,"timestamp":1772552737653},{"is_buyer_maker":false,"price":0.09003,"quantity":258164.0,"timestamp":1772552737653},{"is_buyer_maker":false,"price":0.09004,"quantity":67794.0,"timestamp":1772552737653},{"is_buyer_maker":false,"price":0.09003,"quantity":258164.0,"timestamp":1772552737653},{"is_buyer_maker":false,"price":0.09004,"quantity":67794.0,"timestamp":1772552737653},{"is_buyer_maker":false,"price":0.09003,"quantity":258164.0,"timestamp":1772552737653},{"is_buyer_maker":false,"price":0.09004,"quantity":67794.0,"timestamp":1772552737653},{"is_buyer_maker":false,"price":0.09003,"quantity":258164.0,"timestamp":1772552737653},{"is_buyer_maker":false,"price":0.09004,"quantity":67794.0,"timestamp":1772552737653},{"is_buyer_maker":false,"price":0.09003,"quantity":258164.0,"timestamp":1772552737653},{"is_buyer_maker":false,"price":0.09004,"quantity":67794.0,"timestamp":1772552737653},{"is_buyer_maker":false,"price":0.09003,"quantity":258164.0,"timestamp":1772552737653},{"is_buyer_maker":false,"price":0.09004,"quantity":67794.0,"timestamp":1772552737653},{"is_buyer_maker":false,"price":0.09003,"quantity":258164.0,"timestamp":1772552737653},{"is_buyer_maker":false,"price":0.09004,"quantity":67794.0,"timestamp":1772552737653},{"is_buyer_maker":false,"price":0.09003,"quantity":258164.0,"timestamp":1772552737653},{"is_buyer_maker":false,"price":0.09004,"quantity":67794.0,"timestamp":1772552737653},{"is_buyer_maker":false,"price":0.09003,"quantity":258164.0,"timestamp":1772552737653},{"is_buyer_maker":false,"price":0.09004,"quantity":67794.0,"timestamp":1772552737653},{"is_buyer_maker":false,"price":0.09003,"quantity":258164.0,"timestamp":1772552737653},{"is_buyer_maker":false,"price":0.09004,"quantity":67794.0,"timestamp":1772552737653},{"is_buyer_maker":false,"price":0.09003,"quantity":258164.0,"timestamp":1772552737653},{"is_buyer_maker":false,"price":0.09004,"quantity":67794.0,"timestamp":1772552737653},{"is_buyer_maker":true,"price":0.09003,"quantity":333.0,"timestamp":1772552738197},{"is_buyer_maker":false,"price":0.09004,"quantity":4514.0,"timestamp":1772552738517},{"is_buyer_maker":true,"price":0.09003,"quantity":1227.0,"timestamp":1772552738598},{"is_buyer_maker":false,"price":0.09004,"quantity":61121.0,"timestamp":1772552738626},{"is_buyer_maker":true,"price":0.09004,"quantity":118.0,"timestamp":1772552738662},{"is_buyer_maker":false,"price":0.09005,"quantity":8627.0,"timestamp":1772552738784},{"is_buyer_maker":false,"price":0.09006,"quantity":721.0,"timestamp":1772552738809},{"is_buyer_maker":false,"price":0.09007,"quantity":50946.0,"timestamp":1772552738968},{"is_buyer_maker":true,"price":0.09006,"quantity":2575.0,"timestamp":1772552739410},{"is_buyer_maker":true,"price":0.09005,"quantity":46082.0,"timestamp":1772552739587},{"is_buyer_maker":false,"price":0.09005,"quantity":1250.0,"timestamp":1772552739645},{"is_buyer_maker":false,"price":0.09005,"quantity":5000.0,"timestamp":1772552739772},{"is_buyer_maker":false,"price":0.09005,"quantity":2390.0,"timestamp":1772552740289},{"is_buyer_maker":false,"price":0.09006,"quantity":699.0,"timestamp":1772552740362},{"is_buyer_maker":false,"price":0.09007,"quantity":1828.0,"timestamp":1772552740417},{"is_buyer_maker":true,"price":0.09006,"quantity":1280.0,"timestamp":1772552741360},{"is_buyer_maker":false,"price":0.09007,"quantity":349.0,"timestamp":1772552741403},{"is_buyer_maker":true,"price":0.09006,"quantity":561.0,"timestamp":1772552741417},{"is_buyer_maker":false,"price":0.09007,"quantity":357644.0,"timestamp":1772552741484},{"is_buyer_maker":false,"price":0.09008,"quantity":208.0,"timestamp":1772552741634},{"is_buyer_maker":true,"price":0.09007,"quantity":120.0,"timestamp":1772552741826},{"is_buyer_maker":true,"price":0.09007,"quantity":7665.0,"timestamp":1772552742189},{"is_buyer_maker":false,"price":0.09008,"quantity":1000.0,"timestamp":1772552742303},{"is_buyer_maker":true,"price":0.09007,"quantity":49868.0,"timestamp":1772552742702},{"is_buyer_maker":true,"price":0.09006,"quantity":43250.0,"timestamp":1772552743005},{"is_buyer_maker":true,"price":0.09005,"quantity":823.0,"timestamp":1772552743024},{"is_buyer_maker":false,"price":0.09005,"quantity":1434.0,"timestamp":1772552743116},{"is_buyer_maker":true,"price":0.09005,"quantity":2398.0,"timestamp":1772552743216},{"is_buyer_maker":true,"price":0.09004,"quantity":54319.0,"timestamp":1772552743268},{"is_buyer_maker":true,"price":0.09003,"quantity":21471.0,"timestamp":1772552743485},{"is_buyer_maker":false,"price":0.09003,"quantity":40776.0,"timestamp":1772552744803},{"is_buyer_maker":false,"price":0.09004,"quantity":417.0,"timestamp":1772552744825},{"is_buyer_maker":false,"price":0.09005,"quantity":542.0,"timestamp":1772552744825},{"is_buyer_maker":false,"price":0.09004,"quantity":417.0,"timestamp":1772552744825},{"is_buyer_maker":false,"price":0.09005,"quantity":542.0,"timestamp":1772552744825},{"is_buyer_maker":false,"price":0.09004,"quantity":417.0,"timestamp":1772552744825},{"is_buyer_maker":false,"price":0.09005,"quantity":542.0,"timestamp":1772552744825},{"is_buyer_maker":false,"price":0.09004,"quantity":417.0,"timestamp":1772552744825},{"is_buyer_maker":false,"price":0.09005,"quantity":542.0,"timestamp":1772552744825},{"is_buyer_maker":false,"price":0.09004,"quantity":417.0,"timestamp":1772552744825},{"is_buyer_maker":false,"price":0.09005,"quantity":542.0,"timestamp":1772552744825},{"is_buyer_maker":false,"price":0.09004,"quantity":417.0,"timestamp":1772552744825},{"is_buyer_maker":false,"price":0.09005,"quantity":542.0,"timestamp":1772552744825},{"is_buyer_maker":false,"price":0.09004,"quantity":417.0,"timestamp":1772552744825},{"is_buyer_maker":false,"price":0.09005,"quantity":542.0,"timestamp":1772552744825},{"is_buyer_maker":false,"price":0.09004,"quantity":417.0,"timestamp":1772552744825},{"is_buyer_maker":false,"price":0.09005,"quantity":542.0,"timestamp":1772552744825},{"is_buyer_maker":false,"price":0.09004,"quantity":417.0,"timestamp":1772552744825},{"is_buyer_maker":false,"price":0.09005,"quantity":542.0,"timestamp":1772552744825},{"is_buyer_maker":false,"price":0.09004,"quantity":417.0,"timestamp":1772552744825},{"is_buyer_maker":false,"price":0.09005,"quantity":542.0,"timestamp":1772552744825},{"is_buyer_maker":false,"price":0.09004,"quantity":417.0,"timestamp":1772552744825},{"is_buyer_maker":false,"price":0.09005,"quantity":542.0,"timestamp":1772552744825},{"is_buyer_maker":false,"price":0.09004,"quantity":417.0,"timestamp":1772552744825},{"is_buyer_maker":false,"price":0.09005,"quantity":542.0,"timestamp":1772552744825},{"is_buyer_maker":false,"price":0.09004,"quantity":417.0,"timestamp":1772552744825},{"is_buyer_maker":false,"price":0.09005,"quantity":542.0,"timestamp":1772552744825},{"is_buyer_maker":false,"price":0.09004,"quantity":417.0,"timestamp":1772552744825},{"is_buyer_maker":false,"price":0.09005,"quantity":542.0,"timestamp":1772552744825},{"is_buyer_maker":false,"price":0.09004,"quantity":417.0,"timestamp":1772552744825},{"is_buyer_maker":false,"price":0.09005,"quantity":542.0,"timestamp":1772552744825},{"is_buyer_maker":false,"price":0.09004,"quantity":417.0,"timestamp":1772552744825},{"is_buyer_maker":false,"price":0.09005,"quantity":542.0,"timestamp":1772552744825},{"is_buyer_maker":false,"price":0.09005,"quantity":968.0,"timestamp":1772552745072},{"is_buyer_maker":false,"price":0.09006,"quantity":4085.0,"timestamp":1772552745306},{"is_buyer_maker":false,"price":0.09006,"quantity":17108.0,"timestamp":1772552745429},{"is_buyer_maker":false,"price":0.09007,"quantity":359.0,"timestamp":1772552745434},{"is_buyer_maker":true,"price":0.09007,"quantity":100.0,"timestamp":1772552745443},{"is_buyer_maker":false,"price":0.09008,"quantity":13005.0,"timestamp":1772552745729},{"is_buyer_maker":true,"price":0.09007,"quantity":5318.0,"timestamp":1772552746099},{"is_buyer_maker":false,"price":0.09007,"quantity":234.0,"timestamp":1772552746206},{"is_buyer_maker":false,"price":0.09008,"quantity":691.0,"timestamp":1772552746388},{"is_buyer_maker":false,"price":0.09009,"quantity":8131.0,"timestamp":1772552746700},{"is_buyer_maker":true,"price":0.09008,"quantity":1543.0,"timestamp":1772552746832},{"is_buyer_maker":true,"price":0.09007,"quantity":455.0,"timestamp":1772552747282},{"is_buyer_maker":false,"price":0.09008,"quantity":44679.0,"timestamp":1772552747407},{"is_buyer_maker":false,"price":0.09008,"quantity":1299.0,"timestamp":1772552747860},{"is_buyer_maker":false,"price":0.09008,"quantity":8235.0,"timestamp":1772552748404},{"is_buyer_maker":false,"price":0.09008,"quantity":29.0,"timestamp":1772552748629},{"is_buyer_maker":false,"price":0.09008,"quantity":249.0,"timestamp":1772552748927},{"is_buyer_maker":true,"price":0.09007,"quantity":53465.0,"timestamp":1772552749719},{"is_buyer_maker":true,"price":0.09006,"quantity":4576.0,"timestamp":1772552749821},{"is_buyer_maker":true,"price":0.09005,"quantity":395.0,"timestamp":1772552749852},{"is_buyer_maker":true,"price":0.09005,"quantity":395.0,"timestamp":1772552750002},{"is_buyer_maker":false,"price":0.09006,"quantity":4220.0,"timestamp":1772552750070},{"is_buyer_maker":true,"price":0.09005,"quantity":6478.0,"timestamp":1772552750247},{"is_buyer_maker":false,"price":0.09005,"quantity":852.0,"timestamp":1772552750346},{"is_buyer_maker":false,"price":0.09005,"quantity":417.0,"timestamp":1772552750492},{"is_buyer_maker":false,"price":0.09006,"quantity":2473.0,"timestamp":1772552750584},{"is_buyer_maker":false,"price":0.09006,"quantity":333.0,"timestamp":1772552750787},{"is_buyer_maker":false,"price":0.09006,"quantity":67064.0,"timestamp":1772552750955},{"is_buyer_maker":false,"price":0.09006,"quantity":71795.0,"timestamp":1772552751069},{"is_buyer_maker":false,"price":0.09007,"quantity":406.0,"timestamp":1772552751182},{"is_buyer_maker":false,"price":0.09008,"quantity":178312.0,"timestamp":1772552751745},{"is_buyer_maker":true,"price":0.09008,"quantity":395.0,"timestamp":1772552751783},{"is_buyer_maker":true,"price":0.09008,"quantity":63874.0,"timestamp":1772552752183},{"is_buyer_maker":true,"price":0.09007,"quantity":3663.0,"timestamp":1772552752222},{"is_buyer_maker":true,"price":0.09007,"quantity":118307.0,"timestamp":1772552752812},{"is_buyer_maker":true,"price":0.09006,"quantity":350.0,"timestamp":1772552752833},{"is_buyer_maker":false,"price":0.09006,"quantity":233.0,"timestamp":1772552752956},{"is_buyer_maker":true,"price":0.09006,"quantity":645.0,"timestamp":1772552753129},{"is_buyer_maker":false,"price":0.09007,"quantity":233.0,"timestamp":1772552753359},{"is_buyer_maker":false,"price":0.09008,"quantity":2869.0,"timestamp":1772552753629},{"is_buyer_maker":true,"price":0.09008,"quantity":445.0,"timestamp":1772552754194},{"is_buyer_maker":false,"price":0.09009,"quantity":14.0,"timestamp":1772552754722},{"is_buyer_maker":true,"price":0.09008,"quantity":891.0,"timestamp":1772552754808},{"is_buyer_maker":false,"price":0.09009,"quantity":22229.0,"timestamp":1772552755307},{"is_buyer_maker":true,"price":0.09008,"quantity":167.0,"timestamp":1772552755368},{"is_buyer_maker":true,"price":0.09008,"quantity":5416.0,"timestamp":1772552755507},{"is_buyer_maker":false,"price":0.09008,"quantity":417.0,"timestamp":1772552755694},{"is_buyer_maker":true,"price":0.09008,"quantity":221.0,"timestamp":1772552755704},{"is_buyer_maker":true,"price":0.09008,"quantity":158.0,"timestamp":1772552756362},{"is_buyer_maker":false,"price":0.09009,"quantity":1110.0,"timestamp":1772552756647},{"is_buyer_maker":true,"price":0.09008,"quantity":4125.0,"timestamp":1772552756653},{"is_buyer_maker":true,"price":0.09007,"quantity":120190.0,"timestamp":1772552756740},{"is_buyer_maker":true,"price":0.09006,"quantity":3169.0,"timestamp":1772552757180},{"is_buyer_maker":true,"price":0.09005,"quantity":7999.0,"timestamp":1772552757347},{"is_buyer_maker":false,"price":0.09005,"quantity":6495.0,"timestamp":1772552757895},{"is_buyer_maker":false,"price":0.09005,"quantity":3026.0,"timestamp":1772552758064},{"is_buyer_maker":true,"price":0.09005,"quantity":158.0,"timestamp":1772552758097},{"is_buyer_maker":false,"price":0.09006,"quantity":336.0,"timestamp":1772552758414},{"is_buyer_maker":true,"price":0.09006,"quantity":136.0,"timestamp":1772552758790},{"is_buyer_maker":true,"price":0.09006,"quantity":13047.0,"timestamp":1772552758974},{"is_buyer_maker":true,"price":0.09005,"quantity":19844.0,"timestamp":1772552758974},{"is_buyer_maker":true,"price":0.09006,"quantity":13047.0,"timestamp":1772552758974},{"is_buyer_maker":true,"price":0.09005,"quantity":19844.0,"timestamp":1772552758974},{"is_buyer_maker":true,"price":0.09006,"quantity":13047.0,"timestamp":1772552758974},{"is_buyer_maker":true,"price":0.09005,"quantity":19844.0,"timestamp":1772552758974},{"is_buyer_maker":true,"price":0.09006,"quantity":13047.0,"timestamp":1772552758974},{"is_buyer_maker":true,"price":0.09005,"quantity":19844.0,"timestamp":1772552758974},{"is_buyer_maker":true,"price":0.09006,"quantity":13047.0,"timestamp":1772552758974},{"is_buyer_maker":true,"price":0.09005,"quantity":19844.0,"timestamp":1772552758974},{"is_buyer_maker":true,"price":0.09006,"quantity":13047.0,"timestamp":1772552758974},{"is_buyer_maker":true,"price":0.09005,"quantity":19844.0,"timestamp":1772552758974},{"is_buyer_maker":true,"price":0.09006,"quantity":13047.0,"timestamp":1772552758974},{"is_buyer_maker":true,"price":0.09005,"quantity":19844.0,"timestamp":1772552758974},{"is_buyer_maker":true,"price":0.09006,"quantity":13047.0,"timestamp":1772552758974},{"is_buyer_maker":true,"price":0.09005,"quantity":19844.0,"timestamp":1772552758974},{"is_buyer_maker":true,"price":0.09006,"quantity":13047.0,"timestamp":1772552758974},{"is_buyer_maker":true,"price":0.09005,"quantity":19844.0,"timestamp":1772552758974},{"is_buyer_maker":true,"price":0.09006,"quantity":13047.0,"timestamp":1772552758974},{"is_buyer_maker":true,"price":0.09005,"quantity":19844.0,"timestamp":1772552758974},{"is_buyer_maker":true,"price":0.09006,"quantity":13047.0,"timestamp":1772552758974},{"is_buyer_maker":true,"price":0.09005,"quantity":19844.0,"timestamp":1772552758974},{"is_buyer_maker":true,"price":0.09006,"quantity":13047.0,"timestamp":1772552758974},{"is_buyer_maker":true,"price":0.09005,"quantity":19844.0,"timestamp":1772552758974},{"is_buyer_maker":true,"price":0.09006,"quantity":13047.0,"timestamp":1772552758974},{"is_buyer_maker":true,"price":0.09005,"quantity":19844.0,"timestamp":1772552758974},{"is_buyer_maker":true,"price":0.09006,"quantity":13047.0,"timestamp":1772552758974},{"is_buyer_maker":true,"price":0.09005,"quantity":19844.0,"timestamp":1772552758974},{"is_buyer_maker":true,"price":0.09006,"quantity":13047.0,"timestamp":1772552758974},{"is_buyer_maker":true,"price":0.09005,"quantity":19844.0,"timestamp":1772552758974},{"is_buyer_maker":true,"price":0.09005,"quantity":417.0,"timestamp":1772552759159},{"is_buyer_maker":true,"price":0.09004,"quantity":389.0,"timestamp":1772552759346},{"is_buyer_maker":false,"price":0.09005,"quantity":5551.0,"timestamp":1772552759601},{"is_buyer_maker":true,"price":0.09004,"quantity":15157.0,"timestamp":1772552760195},{"is_buyer_maker":true,"price":0.09003,"quantity":2164.0,"timestamp":1772552760195},{"is_buyer_maker":true,"price":0.09004,"quantity":15157.0,"timestamp":1772552760195},{"is_buyer_maker":true,"price":0.09003,"quantity":2164.0,"timestamp":1772552760195},{"is_buyer_maker":true,"price":0.09004,"quantity":15157.0,"timestamp":1772552760195},{"is_buyer_maker":true,"price":0.09003,"quantity":2164.0,"timestamp":1772552760195},{"is_buyer_maker":true,"price":0.09004,"quantity":15157.0,"timestamp":1772552760195},{"is_buyer_maker":true,"price":0.09003,"quantity":2164.0,"timestamp":1772552760195},{"is_buyer_maker":true,"price":0.09004,"quantity":15157.0,"timestamp":1772552760195},{"is_buyer_maker":true,"price":0.09003,"quantity":2164.0,"timestamp":1772552760195},{"is_buyer_maker":true,"price":0.09004,"quantity":15157.0,"timestamp":1772552760195},{"is_buyer_maker":true,"price":0.09003,"quantity":2164.0,"timestamp":1772552760195},{"is_buyer_maker":true,"price":0.09004,"quantity":15157.0,"timestamp":1772552760195},{"is_buyer_maker":true,"price":0.09003,"quantity":2164.0,"timestamp":1772552760195},{"is_buyer_maker":true,"price":0.09004,"quantity":15157.0,"timestamp":1772552760195},{"is_buyer_maker":true,"price":0.09003,"quantity":2164.0,"timestamp":1772552760195},{"is_buyer_maker":true,"price":0.09004,"quantity":15157.0,"timestamp":1772552760195},{"is_buyer_maker":true,"price":0.09003,"quantity":2164.0,"timestamp":1772552760195},{"is_buyer_maker":true,"price":0.09004,"quantity":15157.0,"timestamp":1772552760195},{"is_buyer_maker":true,"price":0.09003,"quantity":2164.0,"timestamp":1772552760195},{"is_buyer_maker":true,"price":0.09004,"quantity":15157.0,"timestamp":1772552760195},{"is_buyer_maker":true,"price":0.09003,"quantity":2164.0,"timestamp":1772552760195},{"is_buyer_maker":true,"price":0.09004,"quantity":15157.0,"timestamp":1772552760195},{"is_buyer_maker":true,"price":0.09003,"quantity":2164.0,"timestamp":1772552760195},{"is_buyer_maker":true,"price":0.09004,"quantity":15157.0,"timestamp":1772552760195},{"is_buyer_maker":true,"price":0.09003,"quantity":2164.0,"timestamp":1772552760195},{"is_buyer_maker":true,"price":0.09004,"quantity":15157.0,"timestamp":1772552760195},{"is_buyer_maker":true,"price":0.09003,"quantity":2164.0,"timestamp":1772552760195},{"is_buyer_maker":true,"price":0.09004,"quantity":15157.0,"timestamp":1772552760195},{"is_buyer_maker":true,"price":0.09003,"quantity":2164.0,"timestamp":1772552760195},{"is_buyer_maker":false,"price":0.09004,"quantity":177939.0,"timestamp":1772552760393},{"is_buyer_maker":false,"price":0.09005,"quantity":108503.0,"timestamp":1772552760547},{"is_buyer_maker":false,"price":0.09006,"quantity":4915.0,"timestamp":1772552760562},{"is_buyer_maker":false,"price":0.09006,"quantity":8095.0,"timestamp":1772552760708},{"is_buyer_maker":false,"price":0.09007,"quantity":4372.0,"timestamp":1772552760709},{"is_buyer_maker":false,"price":0.09007,"quantity":16096.0,"timestamp":1772552761026},{"is_buyer_maker":true,"price":0.09006,"quantity":541.0,"timestamp":1772552761441},{"is_buyer_maker":true,"price":0.09006,"quantity":922.0,"timestamp":1772552761967},{"is_buyer_maker":true,"price":0.09006,"quantity":376.0,"timestamp":1772552762537},{"is_buyer_maker":false,"price":0.09007,"quantity":266.0,"timestamp":1772552762722},{"is_buyer_maker":false,"price":0.09007,"quantity":102126.0,"timestamp":1772552763282},{"is_buyer_maker":false,"price":0.09008,"quantity":11038.0,"timestamp":1772552763312},{"is_buyer_maker":false,"price":0.09009,"quantity":68353.0,"timestamp":1772552763348},{"is_buyer_maker":false,"price":0.0901,"quantity":37916.0,"timestamp":1772552763409},{"is_buyer_maker":false,"price":0.09011,"quantity":8964.0,"timestamp":1772552763501},{"is_buyer_maker":false,"price":0.09012,"quantity":3503.0,"timestamp":1772552763503},{"is_buyer_maker":true,"price":0.09011,"quantity":34667.0,"timestamp":1772552763643},{"is_buyer_maker":true,"price":0.0901,"quantity":165333.0,"timestamp":1772552763643},{"is_buyer_maker":true,"price":0.09011,"quantity":34667.0,"timestamp":1772552763643},{"is_buyer_maker":true,"price":0.0901,"quantity":165333.0,"timestamp":1772552763643},{"is_buyer_maker":true,"price":0.09011,"quantity":34667.0,"timestamp":1772552763643},{"is_buyer_maker":true,"price":0.0901,"quantity":165333.0,"timestamp":1772552763643},{"is_buyer_maker":true,"price":0.09011,"quantity":34667.0,"timestamp":1772552763643},{"is_buyer_maker":true,"price":0.0901,"quantity":165333.0,"timestamp":1772552763643},{"is_buyer_maker":true,"price":0.09011,"quantity":34667.0,"timestamp":1772552763643},{"is_buyer_maker":true,"price":0.0901,"quantity":165333.0,"timestamp":1772552763643},{"is_buyer_maker":true,"price":0.09011,"quantity":34667.0,"timestamp":1772552763643},{"is_buyer_maker":true,"price":0.0901,"quantity":165333.0,"timestamp":1772552763643},{"is_buyer_maker":true,"price":0.09011,"quantity":34667.0,"timestamp":1772552763643},{"is_buyer_maker":true,"price":0.0901,"quantity":165333.0,"timestamp":1772552763643},{"is_buyer_maker":true,"price":0.09011,"quantity":34667.0,"timestamp":1772552763643},{"is_buyer_maker":true,"price":0.0901,"quantity":165333.0,"timestamp":1772552763643},{"is_buyer_maker":true,"price":0.09011,"quantity":34667.0,"timestamp":1772552763643},{"is_buyer_maker":true,"price":0.0901,"quantity":165333.0,"timestamp":1772552763643},{"is_buyer_maker":true,"price":0.09011,"quantity":34667.0,"timestamp":1772552763643},{"is_buyer_maker":true,"price":0.0901,"quantity":165333.0,"timestamp":1772552763643},{"is_buyer_maker":true,"price":0.09011,"quantity":34667.0,"timestamp":1772552763643},{"is_buyer_maker":true,"price":0.0901,"quantity":165333.0,"timestamp":1772552763643},{"is_buyer_maker":true,"price":0.09011,"quantity":34667.0,"timestamp":1772552763643},{"is_buyer_maker":true,"price":0.0901,"quantity":165333.0,"timestamp":1772552763643},{"is_buyer_maker":true,"price":0.09011,"quantity":34667.0,"timestamp":1772552763643},{"is_buyer_maker":true,"price":0.0901,"quantity":165333.0,"timestamp":1772552763643},{"is_buyer_maker":true,"price":0.09011,"quantity":34667.0,"timestamp":1772552763643},{"is_buyer_maker":true,"price":0.0901,"quantity":165333.0,"timestamp":1772552763643},{"is_buyer_maker":true,"price":0.09011,"quantity":34667.0,"timestamp":1772552763643},{"is_buyer_maker":true,"price":0.0901,"quantity":165333.0,"timestamp":1772552763643},{"is_buyer_maker":false,"price":0.09011,"quantity":1717.0,"timestamp":1772552763725},{"is_buyer_maker":true,"price":0.09011,"quantity":128744.0,"timestamp":1772552764011},{"is_buyer_maker":false,"price":0.09011,"quantity":1610.0,"timestamp":1772552764461},{"is_buyer_maker":false,"price":0.09012,"quantity":40883.0,"timestamp":1772552764615},{"is_buyer_maker":false,"price":0.09013,"quantity":3998.0,"timestamp":1772552764624},{"is_buyer_maker":false,"price":0.09014,"quantity":10722.0,"timestamp":1772552764625},{"is_buyer_maker":true,"price":0.09013,"quantity":122.0,"timestamp":1772552764804},{"is_buyer_maker":false,"price":0.09014,"quantity":60.0,"timestamp":1772552764871},{"is_buyer_maker":true,"price":0.09013,"quantity":4864.0,"timestamp":1772552765098},{"is_buyer_maker":true,"price":0.09012,"quantity":574.0,"timestamp":1772552765170},{"is_buyer_maker":false,"price":0.09013,"quantity":1618.0,"timestamp":1772552765266},{"is_buyer_maker":false,"price":0.09014,"quantity":355904.0,"timestamp":1772552765347},{"is_buyer_maker":false,"price":0.09015,"quantity":221998.0,"timestamp":1772552765347},{"is_buyer_maker":false,"price":0.09016,"quantity":371716.0,"timestamp":1772552765347},{"is_buyer_maker":false,"price":0.09017,"quantity":465283.0,"timestamp":1772552765347},{"is_buyer_maker":false,"price":0.09018,"quantity":247885.0,"timestamp":1772552765347},{"is_buyer_maker":false,"price":0.09014,"quantity":355904.0,"timestamp":1772552765347},{"is_buyer_maker":false,"price":0.09015,"quantity":221998.0,"timestamp":1772552765347},{"is_buyer_maker":false,"price":0.09016,"quantity":371716.0,"timestamp":1772552765347},{"is_buyer_maker":false,"price":0.09017,"quantity":465283.0,"timestamp":1772552765347},{"is_buyer_maker":false,"price":0.09018,"quantity":247885.0,"timestamp":1772552765347},{"is_buyer_maker":false,"price":0.09014,"quantity":355904.0,"timestamp":1772552765347},{"is_buyer_maker":false,"price":0.09015,"quantity":221998.0,"timestamp":1772552765347},{"is_buyer_maker":false,"price":0.09016,"quantity":371716.0,"timestamp":1772552765347},{"is_buyer_maker":false,"price":0.09017,"quantity":465283.0,"timestamp":1772552765347},{"is_buyer_maker":false,"price":0.09018,"quantity":247885.0,"timestamp":1772552765347},{"is_buyer_maker":false,"price":0.09014,"quantity":355904.0,"timestamp":1772552765347},{"is_buyer_maker":false,"price":0.09015,"quantity":221998.0,"timestamp":1772552765347},{"is_buyer_maker":false,"price":0.09016,"quantity":371716.0,"timestamp":1772552765347},{"is_buyer_maker":false,"price":0.09017,"quantity":465283.0,"timestamp":1772552765347},{"is_buyer_maker":false,"price":0.09018,"quantity":247885.0,"timestamp":1772552765347},{"is_buyer_maker":false,"price":0.09014,"quantity":355904.0,"timestamp":1772552765347},{"is_buyer_maker":false,"price":0.09015,"quantity":221998.0,"timestamp":1772552765347},{"is_buyer_maker":false,"price":0.09016,"quantity":371716.0,"timestamp":1772552765347},{"is_buyer_maker":false,"price":0.09017,"quantity":465283.0,"timestamp":1772552765347},{"is_buyer_maker":false,"price":0.09018,"quantity":247885.0,"timestamp":1772552765347},{"is_buyer_maker":false,"price":0.09014,"quantity":355904.0,"timestamp":1772552765347},{"is_buyer_maker":false,"price":0.09015,"quantity":221998.0,"timestamp":1772552765347},{"is_buyer_maker":false,"price":0.09016,"quantity":371716.0,"timestamp":1772552765347},{"is_buyer_maker":false,"price":0.09017,"quantity":465283.0,"timestamp":1772552765347},{"is_buyer_maker":false,"price":0.09018,"quantity":247885.0,"timestamp":1772552765347},{"is_buyer_maker":false,"price":0.09014,"quantity":355904.0,"timestamp":1772552765347},{"is_buyer_maker":false,"price":0.09015,"quantity":221998.0,"timestamp":1772552765347},{"is_buyer_maker":false,"price":0.09016,"quantity":371716.0,"timestamp":1772552765347},{"is_buyer_maker":false,"price":0.09017,"quantity":465283.0,"timestamp":1772552765347},{"is_buyer_maker":false,"price":0.09018,"quantity":247885.0,"timestamp":1772552765347},{"is_buyer_maker":false,"price":0.09014,"quantity":355904.0,"timestamp":1772552765347},{"is_buyer_maker":false,"price":0.09015,"quantity":221998.0,"timestamp":1772552765347},{"is_buyer_maker":false,"price":0.09016,"quantity":371716.0,"timestamp":1772552765347},{"is_buyer_maker":false,"price":0.09017,"quantity":465283.0,"timestamp":1772552765347},{"is_buyer_maker":false,"price":0.09018,"quantity":247885.0,"timestamp":1772552765347},{"is_buyer_maker":false,"price":0.09014,"quantity":355904.0,"timestamp":1772552765347},{"is_buyer_maker":false,"price":0.09015,"quantity":221998.0,"timestamp":1772552765347},{"is_buyer_maker":false,"price":0.09016,"quantity":371716.0,"timestamp":1772552765347},{"is_buyer_maker":false,"price":0.09017,"quantity":465283.0,"timestamp":1772552765347},{"is_buyer_maker":false,"price":0.09018,"quantity":247885.0,"timestamp":1772552765347},{"is_buyer_maker":false,"price":0.09014,"quantity":355904.0,"timestamp":1772552765347},{"is_buyer_maker":false,"price":0.09015,"quantity":221998.0,"timestamp":1772552765347},{"is_buyer_maker":false,"price":0.09016,"quantity":371716.0,"timestamp":1772552765347},{"is_buyer_maker":false,"price":0.09017,"quantity":465283.0,"timestamp":1772552765347},{"is_buyer_maker":false,"price":0.09018,"quantity":247885.0,"timestamp":1772552765347},{"is_buyer_maker":false,"price":0.09014,"quantity":355904.0,"timestamp":1772552765347},{"is_buyer_maker":false,"price":0.09015,"quantity":221998.0,"timestamp":1772552765347},{"is_buyer_maker":false,"price":0.09016,"quantity":371716.0,"timestamp":1772552765347},{"is_buyer_maker":false,"price":0.09017,"quantity":465283.0,"timestamp":1772552765347},{"is_buyer_maker":false,"price":0.09018,"quantity":247885.0,"timestamp":1772552765347},{"is_buyer_maker":false,"price":0.09014,"quantity":355904.0,"timestamp":1772552765347},{"is_buyer_maker":false,"price":0.09015,"quantity":221998.0,"timestamp":1772552765347},{"is_buyer_maker":false,"price":0.09016,"quantity":371716.0,"timestamp":1772552765347},{"is_buyer_maker":false,"price":0.09017,"quantity":465283.0,"timestamp":1772552765347},{"is_buyer_maker":false,"price":0.09018,"quantity":247885.0,"timestamp":1772552765347},{"is_buyer_maker":false,"price":0.09014,"quantity":355904.0,"timestamp":1772552765347},{"is_buyer_maker":false,"price":0.09015,"quantity":221998.0,"timestamp":1772552765347},{"is_buyer_maker":false,"price":0.09016,"quantity":371716.0,"timestamp":1772552765347},{"is_buyer_maker":false,"price":0.09017,"quantity":465283.0,"timestamp":1772552765347},{"is_buyer_maker":false,"price":0.09018,"quantity":247885.0,"timestamp":1772552765347},{"is_buyer_maker":false,"price":0.09014,"quantity":355904.0,"timestamp":1772552765347},{"is_buyer_maker":false,"price":0.09015,"quantity":221998.0,"timestamp":1772552765347},{"is_buyer_maker":false,"price":0.09016,"quantity":371716.0,"timestamp":1772552765347},{"is_buyer_maker":false,"price":0.09017,"quantity":465283.0,"timestamp":1772552765347},{"is_buyer_maker":false,"price":0.09018,"quantity":247885.0,"timestamp":1772552765347},{"is_buyer_maker":false,"price":0.09014,"quantity":355904.0,"timestamp":1772552765347},{"is_buyer_maker":false,"price":0.09015,"quantity":221998.0,"timestamp":1772552765347},{"is_buyer_maker":false,"price":0.09016,"quantity":371716.0,"timestamp":1772552765347},{"is_buyer_maker":false,"price":0.09017,"quantity":465283.0,"timestamp":1772552765347},{"is_buyer_maker":false,"price":0.09018,"quantity":247885.0,"timestamp":1772552765347},{"is_buyer_maker":false,"price":0.09015,"quantity":68.0,"timestamp":1772552765350},{"is_buyer_maker":false,"price":0.09016,"quantity":1573.0,"timestamp":1772552765350},{"is_buyer_maker":false,"price":0.09015,"quantity":68.0,"timestamp":1772552765350},{"is_buyer_maker":false,"price":0.09016,"quantity":1573.0,"timestamp":1772552765350},{"is_buyer_maker":false,"price":0.09015,"quantity":68.0,"timestamp":1772552765350},{"is_buyer_maker":false,"price":0.09016,"quantity":1573.0,"timestamp":1772552765350},{"is_buyer_maker":false,"price":0.09015,"quantity":68.0,"timestamp":1772552765350},{"is_buyer_maker":false,"price":0.09016,"quantity":1573.0,"timestamp":1772552765350},{"is_buyer_maker":false,"price":0.09015,"quantity":68.0,"timestamp":1772552765350},{"is_buyer_maker":false,"price":0.09016,"quantity":1573.0,"timestamp":1772552765350},{"is_buyer_maker":false,"price":0.09015,"quantity":68.0,"timestamp":1772552765350},{"is_buyer_maker":false,"price":0.09016,"quantity":1573.0,"timestamp":1772552765350},{"is_buyer_maker":false,"price":0.09015,"quantity":68.0,"timestamp":1772552765350},{"is_buyer_maker":false,"price":0.09016,"quantity":1573.0,"timestamp":1772552765350},{"is_buyer_maker":false,"price":0.09015,"quantity":68.0,"timestamp":1772552765350},{"is_buyer_maker":false,"price":0.09016,"quantity":1573.0,"timestamp":1772552765350},{"is_buyer_maker":false,"price":0.09015,"quantity":68.0,"timestamp":1772552765350},{"is_buyer_maker":false,"price":0.09016,"quantity":1573.0,"timestamp":1772552765350},{"is_buyer_maker":false,"price":0.09015,"quantity":68.0,"timestamp":1772552765350},{"is_buyer_maker":false,"price":0.09016,"quantity":1573.0,"timestamp":1772552765350},{"is_buyer_maker":false,"price":0.09015,"quantity":68.0,"timestamp":1772552765350},{"is_buyer_maker":false,"price":0.09016,"quantity":1573.0,"timestamp":1772552765350},{"is_buyer_maker":false,"price":0.09015,"quantity":68.0,"timestamp":1772552765350},{"is_buyer_maker":false,"price":0.09016,"quantity":1573.0,"timestamp":1772552765350},{"is_buyer_maker":false,"price":0.09015,"quantity":68.0,"timestamp":1772552765350},{"is_buyer_maker":false,"price":0.09016,"quantity":1573.0,"timestamp":1772552765350},{"is_buyer_maker":false,"price":0.09015,"quantity":68.0,"timestamp":1772552765350},{"is_buyer_maker":false,"price":0.09016,"quantity":1573.0,"timestamp":1772552765350},{"is_buyer_maker":false,"price":0.09015,"quantity":68.0,"timestamp":1772552765350},{"is_buyer_maker":false,"price":0.09016,"quantity":1573.0,"timestamp":1772552765350},{"is_buyer_maker":true,"price":0.09015,"quantity":83328.0,"timestamp":1772552765356},{"is_buyer_maker":true,"price":0.09014,"quantity":23388.0,"timestamp":1772552765365},{"is_buyer_maker":true,"price":0.09013,"quantity":541.0,"timestamp":1772552765384},{"is_buyer_maker":false,"price":0.09013,"quantity":216051.0,"timestamp":1772552765390},{"is_buyer_maker":true,"price":0.09013,"quantity":10113.0,"timestamp":1772552765682},{"is_buyer_maker":true,"price":0.09012,"quantity":70.0,"timestamp":1772552765881},{"is_buyer_maker":false,"price":0.09013,"quantity":62.0,"timestamp":1772552766093},{"is_buyer_maker":true,"price":0.09012,"quantity":148047.0,"timestamp":1772552766168},{"is_buyer_maker":true,"price":0.09011,"quantity":784.0,"timestamp":1772552766421},{"is_buyer_maker":false,"price":0.09012,"quantity":222.0,"timestamp":1772552766493},{"is_buyer_maker":true,"price":0.09011,"quantity":80.0,"timestamp":1772552766795},{"is_buyer_maker":false,"price":0.09012,"quantity":1801.0,"timestamp":1772552766961},{"is_buyer_maker":false,"price":0.09013,"quantity":6991.0,"timestamp":1772552767050},{"is_buyer_maker":false,"price":0.09014,"quantity":815.0,"timestamp":1772552767107},{"is_buyer_maker":false,"price":0.09015,"quantity":2963.0,"timestamp":1772552767116},{"is_buyer_maker":false,"price":0.09016,"quantity":1017.0,"timestamp":1772552767229},{"is_buyer_maker":false,"price":0.09017,"quantity":54535.0,"timestamp":1772552767229},{"is_buyer_maker":false,"price":0.09016,"quantity":1017.0,"timestamp":1772552767229},{"is_buyer_maker":false,"price":0.09017,"quantity":54535.0,"timestamp":1772552767229},{"is_buyer_maker":false,"price":0.09016,"quantity":1017.0,"timestamp":1772552767229},{"is_buyer_maker":false,"price":0.09017,"quantity":54535.0,"timestamp":1772552767229},{"is_buyer_maker":false,"price":0.09016,"quantity":1017.0,"timestamp":1772552767229},{"is_buyer_maker":false,"price":0.09017,"quantity":54535.0,"timestamp":1772552767229},{"is_buyer_maker":false,"price":0.09016,"quantity":1017.0,"timestamp":1772552767229},{"is_buyer_maker":false,"price":0.09017,"quantity":54535.0,"timestamp":1772552767229},{"is_buyer_maker":false,"price":0.09016,"quantity":1017.0,"timestamp":1772552767229},{"is_buyer_maker":false,"price":0.09017,"quantity":54535.0,"timestamp":1772552767229},{"is_buyer_maker":false,"price":0.09016,"quantity":1017.0,"timestamp":1772552767229},{"is_buyer_maker":false,"price":0.09017,"quantity":54535.0,"timestamp":1772552767229},{"is_buyer_maker":false,"price":0.09016,"quantity":1017.0,"timestamp":1772552767229},{"is_buyer_maker":false,"price":0.09017,"quantity":54535.0,"timestamp":1772552767229},{"is_buyer_maker":false,"price":0.09016,"quantity":1017.0,"timestamp":1772552767229},{"is_buyer_maker":false,"price":0.09017,"quantity":54535.0,"timestamp":1772552767229},{"is_buyer_maker":false,"price":0.09016,"quantity":1017.0,"timestamp":1772552767229},{"is_buyer_maker":false,"price":0.09017,"quantity":54535.0,"timestamp":1772552767229},{"is_buyer_maker":false,"price":0.09016,"quantity":1017.0,"timestamp":1772552767229},{"is_buyer_maker":false,"price":0.09017,"quantity":54535.0,"timestamp":1772552767229},{"is_buyer_maker":false,"price":0.09016,"quantity":1017.0,"timestamp":1772552767229},{"is_buyer_maker":false,"price":0.09017,"quantity":54535.0,"timestamp":1772552767229},{"is_buyer_maker":false,"price":0.09016,"quantity":1017.0,"timestamp":1772552767229},{"is_buyer_maker":false,"price":0.09017,"quantity":54535.0,"timestamp":1772552767229},{"is_buyer_maker":false,"price":0.09016,"quantity":1017.0,"timestamp":1772552767229},{"is_buyer_maker":false,"price":0.09017,"quantity":54535.0,"timestamp":1772552767229},{"is_buyer_maker":false,"price":0.09016,"quantity":1017.0,"timestamp":1772552767229},{"is_buyer_maker":false,"price":0.09017,"quantity":54535.0,"timestamp":1772552767229},{"is_buyer_maker":false,"price":0.09016,"quantity":1018.0,"timestamp":1772552767264}