{"exchange":"binance","symbol":"SOLUSDT","last_updated":1772553234754,"trades":[{"is_buyer_maker":true,"price":84.43,"quantity":0.7,"timestamp":1772552637256},{"is_buyer_maker":true,"price":84.43,"quantity":4.28,"timestamp":1772552637386},{"is_buyer_maker":true,"price":84.43,"quantity":10.16,"timestamp":1772552637492},{"is_buyer_maker":false,"price":84.44,"quantity":19.19,"timestamp":1772552637595},{"is_buyer_maker":true,"price":84.43,"quantity":0.37,"timestamp":1772552637643},{"is_buyer_maker":false,"price":84.44,"quantity":24.15,"timestamp":1772552637783},{"is_buyer_maker":false,"price":84.44,"quantity":2.75,"timestamp":1772552637967},{"is_buyer_maker":true,"price":84.43,"quantity":22.56,"timestamp":1772552638129},{"is_buyer_maker":true,"price":84.42,"quantity":3.19,"timestamp":1772552638152},{"is_buyer_maker":true,"price":84.42,"quantity":3.29,"timestamp":1772552638294},{"is_buyer_maker":true,"price":84.42,"quantity":10.72,"timestamp":1772552638647},{"is_buyer_maker":true,"price":84.42,"quantity":13.71,"timestamp":1772552638854},{"is_buyer_maker":false,"price":84.43,"quantity":0.24,"timestamp":1772552638869},{"is_buyer_maker":true,"price":84.42,"quantity":21.59,"timestamp":1772552638970},{"is_buyer_maker":true,"price":84.42,"quantity":2.9,"timestamp":1772552639093},{"is_buyer_maker":false,"price":84.43,"quantity":242.04,"timestamp":1772552639229},{"is_buyer_maker":true,"price":84.43,"quantity":0.08,"timestamp":1772552639230},{"is_buyer_maker":false,"price":84.44,"quantity":61.98,"timestamp":1772552639235},{"is_buyer_maker":false,"price":84.45,"quantity":3.06,"timestamp":1772552639238},{"is_buyer_maker":true,"price":84.44,"quantity":0.08,"timestamp":1772552639239},{"is_buyer_maker":false,"price":84.45,"quantity":1.53,"timestamp":1772552639240},{"is_buyer_maker":true,"price":84.44,"quantity":9.95,"timestamp":1772552639276},{"is_buyer_maker":true,"price":84.44,"quantity":2.18,"timestamp":1772552639381},{"is_buyer_maker":true,"price":84.44,"quantity":1407.57,"timestamp":1772552639596},{"is_buyer_maker":true,"price":84.43,"quantity":1394.1,"timestamp":1772552639667},{"is_buyer_maker":true,"price":84.42,"quantity":2048.23,"timestamp":1772552639667},{"is_buyer_maker":true,"price":84.43,"quantity":1394.1,"timestamp":1772552639667},{"is_buyer_maker":true,"price":84.42,"quantity":2048.23,"timestamp":1772552639667},{"is_buyer_maker":true,"price":84.43,"quantity":1394.1,"timestamp":1772552639667},{"is_buyer_maker":true,"price":84.42,"quantity":2048.23,"timestamp":1772552639667},{"is_buyer_maker":true,"price":84.43,"quantity":1394.1,"timestamp":1772552639667},{"is_buyer_maker":true,"price":84.42,"quantity":2048.23,"timestamp":1772552639667},{"is_buyer_maker":true,"price":84.43,"quantity":1394.1,"timestamp":1772552639667},{"is_buyer_maker":true,"price":84.42,"quantity":2048.23,"timestamp":1772552639667},{"is_buyer_maker":true,"price":84.43,"quantity":1394.1,"timestamp":1772552639667},{"is_buyer_maker":true,"price":84.42,"quantity":2048.23,"timestamp":1772552639667},{"is_buyer_maker":true,"price":84.43,"quantity":1394.1,"timestamp":1772552639667},{"is_buyer_maker":true,"price":84.42,"quantity":2048.23,"timestamp":1772552639667},{"is_buyer_maker":true,"price":84.43,"quantity":1394.1,"timestamp":1772552639667},{"is_buyer_maker":true,"price":84.42,"quantity":2048.23,"timestamp":1772552639667},{"is_buyer_maker":true,"price":84.43,"quantity":1394.1,"timestamp":1772552639667},{"is_buyer_maker":true,"price":84.42,"quantity":2048.23,"timestamp":1772552639667},{"is_buyer_maker":true,"price":84.43,"quantity":1394.1,"timestamp":1772552639667},{"is_buyer_maker":true,"price":84.42,"quantity":2048.23,"timestamp":1772552639667},{"is_buyer_maker":true,"price":84.43,"quantity":1394.1,"timestamp":1772552639667},{"is_buyer_maker":true,"price":84.42,"quantity":2048.23,"timestamp":1772552639667},{"is_buyer_maker":true,"price":84.43,"quantity":1394.1,"timestamp":1772552639667},{"is_buyer_maker":true,"price":84.42,"quantity":2048.23,"timestamp":1772552639667},{"is_buyer_maker":true,"price":84.43,"quantity":1394.1,"timestamp":1772552639667},{"is_buyer_maker":true,"price":84.42,"quantity":2048.23,"timestamp":1772552639667},{"is_buyer_maker":true,"price":84.43,"quantity":1394.1,"timestamp":1772552639667},{"is_buyer_maker":true,"price":84.42,"quantity":2048.23,"timestamp":1772552639667},{"is_buyer_maker":true,"price":84.43,"quantity":1394.1,"timestamp":1772552639667},{"is_buyer_maker":true,"price":84.42,"quantity":2048.23,"timestamp":1772552639667},{"is_buyer_maker":true,"price":84.43,"quantity":1394.1,"timestamp":1772552639667},{"is_buyer_maker":true,"price":84.42,"quantity":2048.23,"timestamp":1772552639667},{"is_buyer_maker":true,"price":84.43,"quantity":1394.1,"timestamp":1772552639667},{"is_buyer_maker":true,"price":84.42,"quantity":2048.23,"timestamp":1772552639667},{"is_buyer_maker":true,"price":84.43,"quantity":1394.1,"timestamp":1772552639667},{"is_buyer_maker":true,"price":84.42,"quantity":2048.23,"timestamp":1772552639667},{"is_buyer_maker":true,"price":84.43,"quantity":1394.1,"timestamp":1772552639667},{"is_buyer_maker":true,"price":84.42,"quantity":2048.23,"timestamp":1772552639667},{"is_buyer_maker":true,"price":84.43,"quantity":0.14,"timestamp":1772552639671},{"is_buyer_maker":true,"price":84.42,"quantity":28.57,"timestamp":1772552639706},{"is_buyer_maker":true,"price":84.41,"quantity":13.82,"timestamp":1772552639711},{"is_buyer_maker":false,"price":84.41,"quantity":172.05,"timestamp":1772552639728},{"is_buyer_maker":true,"price":84.41,"quantity":277.79,"timestamp":1772552639832},{"is_buyer_maker":false,"price":84.41,"quantity":0.23,"timestamp":1772552639938},{"is_buyer_maker":true,"price":84.4,"quantity":14.83,"timestamp":1772552639985},{"is_buyer_maker":false,"price":84.41,"quantity":462.79,"timestamp":1772552640004},{"is_buyer_maker":false,"price":84.42,"quantity":3.06,"timestamp":1772552640007},{"is_buyer_maker":true,"price":84.41,"quantity":0.08,"timestamp":1772552640012},{"is_buyer_maker":false,"price":84.42,"quantity":1.53,"timestamp":1772552640013},{"is_buyer_maker":true,"price":84.41,"quantity":2.52,"timestamp":1772552640046},{"is_buyer_maker":false,"price":84.42,"quantity":425.08,"timestamp":1772552640077},{"is_buyer_maker":true,"price":84.42,"quantity":12.97,"timestamp":1772552640124},{"is_buyer_maker":false,"price":84.43,"quantity":1.33,"timestamp":1772552640156},{"is_buyer_maker":true,"price":84.42,"quantity":1298.27,"timestamp":1772552640218},{"is_buyer_maker":true,"price":84.41,"quantity":4.69,"timestamp":1772552640453},{"is_buyer_maker":false,"price":84.42,"quantity":474.5,"timestamp":1772552640513},{"is_buyer_maker":true,"price":84.42,"quantity":0.08,"timestamp":1772552640519},{"is_buyer_maker":false,"price":84.43,"quantity":171.39,"timestamp":1772552640522},{"is_buyer_maker":true,"price":84.43,"quantity":0.08,"timestamp":1772552640523},{"is_buyer_maker":true,"price":84.43,"quantity":6.06,"timestamp":1772552640626},{"is_buyer_maker":true,"price":84.42,"quantity":54.89,"timestamp":1772552640680},{"is_buyer_maker":true,"price":84.42,"quantity":162.18,"timestamp":1772552640849},{"is_buyer_maker":true,"price":84.41,"quantity":0.26,"timestamp":1772552640880},{"is_buyer_maker":false,"price":84.42,"quantity":49.49,"timestamp":1772552640975},{"is_buyer_maker":true,"price":84.41,"quantity":102.44,"timestamp":1772552641056},{"is_buyer_maker":false,"price":84.42,"quantity":46.56,"timestamp":1772552641089},{"is_buyer_maker":true,"price":84.41,"quantity":18.04,"timestamp":1772552641293},{"is_buyer_maker":false,"price":84.42,"quantity":141.82,"timestamp":1772552641390},{"is_buyer_maker":true,"price":84.42,"quantity":12.02,"timestamp":1772552641397},{"is_buyer_maker":false,"price":84.43,"quantity":3.94,"timestamp":1772552641503},{"is_buyer_maker":true,"price":84.42,"quantity":13.9,"timestamp":1772552641506},{"is_buyer_maker":true,"price":84.42,"quantity":594.57,"timestamp":1772552641640},{"is_buyer_maker":false,"price":84.43,"quantity":4.0,"timestamp":1772552641792},{"is_buyer_maker":true,"price":84.42,"quantity":18.17,"timestamp":1772552641841},{"is_buyer_maker":false,"price":84.43,"quantity":184.21,"timestamp":1772552642022},{"is_buyer_maker":true,"price":84.43,"quantity":0.08,"timestamp":1772552642023},{"is_buyer_maker":true,"price":84.43,"quantity":20.12,"timestamp":1772552642125},{"is_buyer_maker":false,"price":84.44,"quantity":1.89,"timestamp":1772552642151},{"is_buyer_maker":true,"price":84.43,"quantity":122.95,"timestamp":1772552642167},{"is_buyer_maker":true,"price":84.43,"quantity":30.04,"timestamp":1772552642451},{"is_buyer_maker":false,"price":84.43,"quantity":7.1,"timestamp":1772552642501},{"is_buyer_maker":true,"price":84.42,"quantity":23.73,"timestamp":1772552642522},{"is_buyer_maker":false,"price":84.43,"quantity":0.75,"timestamp":1772552642735},{"is_buyer_maker":false,"price":84.43,"quantity":0.35,"timestamp":1772552642862},{"is_buyer_maker":true,"price":84.42,"quantity":122.46,"timestamp":1772552642980},{"is_buyer_maker":false,"price":84.42,"quantity":3.84,"timestamp":1772552643293},{"is_buyer_maker":true,"price":84.41,"quantity":11.24,"timestamp":1772552643330},{"is_buyer_maker":false,"price":84.42,"quantity":145.08,"timestamp":1772552643402},{"is_buyer_maker":true,"price":84.42,"quantity":25.25,"timestamp":1772552643451},{"is_buyer_maker":false,"price":84.43,"quantity":2.47,"timestamp":1772552643473},{"is_buyer_maker":false,"price":84.44,"quantity":1.53,"timestamp":1772552643516},{"is_buyer_maker":true,"price":84.43,"quantity":43.56,"timestamp":1772552643533},{"is_buyer_maker":false,"price":84.44,"quantity":405.48,"timestamp":1772552643583},{"is_buyer_maker":true,"price":84.44,"quantity":5.03,"timestamp":1772552643587},{"is_buyer_maker":false,"price":84.45,"quantity":154.04,"timestamp":1772552643588},{"is_buyer_maker":false,"price":84.45,"quantity":47.43,"timestamp":1772552643737},{"is_buyer_maker":true,"price":84.45,"quantity":4.4,"timestamp":1772552643762},{"is_buyer_maker":false,"price":84.46,"quantity":9.64,"timestamp":1772552643848},{"is_buyer_maker":true,"price":84.46,"quantity":15.77,"timestamp":1772552643853},{"is_buyer_maker":false,"price":84.47,"quantity":4.93,"timestamp":1772552644152},{"is_buyer_maker":true,"price":84.46,"quantity":2.0,"timestamp":1772552644328},{"is_buyer_maker":true,"price":84.46,"quantity":131.9,"timestamp":1772552644520},{"is_buyer_maker":false,"price":84.47,"quantity":0.08,"timestamp":1772552644723},{"is_buyer_maker":true,"price":84.46,"quantity":0.73,"timestamp":1772552644768},{"is_buyer_maker":false,"price":84.47,"quantity":81.15,"timestamp":1772552644777},{"is_buyer_maker":true,"price":84.46,"quantity":167.52,"timestamp":1772552645042},{"is_buyer_maker":true,"price":84.46,"quantity":1.11,"timestamp":1772552645157},{"is_buyer_maker":false,"price":84.47,"quantity":3.18,"timestamp":1772552645180},{"is_buyer_maker":true,"price":84.46,"quantity":0.7,"timestamp":1772552645181},{"is_buyer_maker":false,"price":84.47,"quantity":181.61,"timestamp":1772552645421},{"is_buyer_maker":false,"price":84.48,"quantity":7.44,"timestamp":1772552645499},{"is_buyer_maker":false,"price":84.49,"quantity":486.57,"timestamp":1772552645518},{"is_buyer_maker":true,"price":84.49,"quantity":0.16,"timestamp":1772552645536},{"is_buyer_maker":true,"price":84.49,"quantity":6.28,"timestamp":1772552645670},{"is_buyer_maker":false,"price":84.5,"quantity":96.23,"timestamp":1772552645681},{"is_buyer_maker":false,"price":84.51,"quantity":2.03,"timestamp":1772552645766},{"is_buyer_maker":true,"price":84.5,"quantity":0.06,"timestamp":1772552645770},{"is_buyer_maker":false,"price":84.51,"quantity":20.0,"timestamp":1772552645794},{"is_buyer_maker":true,"price":84.5,"quantity":10.5,"timestamp":1772552645830},{"is_buyer_maker":false,"price":84.51,"quantity":2.03,"timestamp":1772552645888},{"is_buyer_maker":true,"price":84.5,"quantity":14.17,"timestamp":1772552645921},{"is_buyer_maker":true,"price":84.49,"quantity":4.8,"timestamp":1772552645937},{"is_buyer_maker":false,"price":84.5,"quantity":4.0,"timestamp":1772552646366},{"is_buyer_maker":false,"price":84.5,"quantity":79.94,"timestamp":1772552646510},{"is_buyer_maker":true,"price":84.5,"quantity":0.08,"timestamp":1772552646512},{"is_buyer_maker":false,"price":84.51,"quantity":82.71,"timestamp":1772552646537},{"is_buyer_maker":true,"price":84.51,"quantity":0.08,"timestamp":1772552646542},{"is_buyer_maker":false,"price":84.52,"quantity":18.49,"timestamp":1772552646548},{"is_buyer_maker":true,"price":84.51,"quantity":106.58,"timestamp":1772552646561},{"is_buyer_maker":true,"price":84.5,"quantity":70.1,"timestamp":1772552646619},{"is_buyer_maker":false,"price":84.51,"quantity":306.89,"timestamp":1772552647196},{"is_buyer_maker":false,"price":84.52,"quantity":701.16,"timestamp":1772552647206},{"is_buyer_maker":true,"price":84.51,"quantity":0.08,"timestamp":1772552647208},{"is_buyer_maker":false,"price":84.52,"quantity":3.29,"timestamp":1772552647214},{"is_buyer_maker":true,"price":84.52,"quantity":0.08,"timestamp":1772552647221},{"is_buyer_maker":false,"price":84.53,"quantity":0.3,"timestamp":1772552647410},{"is_buyer_maker":true,"price":84.52,"quantity":25.35,"timestamp":1772552647440},{"is_buyer_maker":true,"price":84.51,"quantity":112.14,"timestamp":1772552647453},{"is_buyer_maker":true,"price":84.5,"quantity":22.09,"timestamp":1772552647546},{"is_buyer_maker":true,"price":84.49,"quantity":0.82,"timestamp":1772552647614},{"is_buyer_maker":false,"price":84.5,"quantity":2.03,"timestamp":1772552647622},{"is_buyer_maker":true,"price":84.49,"quantity":0.07,"timestamp":1772552647852},{"is_buyer_maker":true,"price":84.49,"quantity":129.29,"timestamp":1772552647989},{"is_buyer_maker":true,"price":84.48,"quantity":0.01,"timestamp":1772552648034},{"is_buyer_maker":false,"price":84.49,"quantity":37.37,"timestamp":1772552648050},{"is_buyer_maker":false,"price":84.49,"quantity":1.08,"timestamp":1772552648199},{"is_buyer_maker":false,"price":84.5,"quantity":1.68,"timestamp":1772552648295},{"is_buyer_maker":true,"price":84.49,"quantity":3.84,"timestamp":1772552648530},{"is_buyer_maker":false,"price":84.5,"quantity":0.93,"timestamp":1772552648583},{"is_buyer_maker":true,"price":84.49,"quantity":0.03,"timestamp":1772552648657},{"is_buyer_maker":false,"price":84.5,"quantity":0.41,"timestamp":1772552648702},{"is_buyer_maker":true,"price":84.49,"quantity":52.19,"timestamp":1772552648787},{"is_buyer_maker":false,"price":84.49,"quantity":11.58,"timestamp":1772552648888},{"is_buyer_maker":true,"price":84.48,"quantity":15.44,"timestamp":1772552648905},{"is_buyer_maker":false,"price":84.48,"quantity":37.29,"timestamp":1772552649017},{"is_buyer_maker":true,"price":84.47,"quantity":1.59,"timestamp":1772552649071},{"is_buyer_maker":true,"price":84.47,"quantity":6.72,"timestamp":1772552649304},{"is_buyer_maker":true,"price":84.47,"quantity":639.47,"timestamp":1772552649577},{"is_buyer_maker":true,"price":84.47,"quantity":2.0,"timestamp":1772552649860},{"is_buyer_maker":false,"price":84.48,"quantity":11.78,"timestamp":1772552649925},{"is_buyer_maker":false,"price":84.48,"quantity":41.78,"timestamp":1772552650123},{"is_buyer_maker":true,"price":84.47,"quantity":241.8,"timestamp":1772552650197},{"is_buyer_maker":true,"price":84.47,"quantity":11.19,"timestamp":1772552650343},{"is_buyer_maker":true,"price":84.46,"quantity":3.59,"timestamp":1772552650377},{"is_buyer_maker":false,"price":84.46,"quantity":37.16,"timestamp":1772552650583},{"is_buyer_maker":true,"price":84.45,"quantity":0.06,"timestamp":1772552650790},{"is_buyer_maker":false,"price":84.46,"quantity":6.55,"timestamp":1772552651063},{"is_buyer_maker":true,"price":84.45,"quantity":20.55,"timestamp":1772552651108},{"is_buyer_maker":true,"price":84.44,"quantity":1.61,"timestamp":1772552651394},{"is_buyer_maker":false,"price":84.45,"quantity":171.49,"timestamp":1772552651559},{"is_buyer_maker":false,"price":84.45,"quantity":0.08,"timestamp":1772552651723},{"is_buyer_maker":false,"price":84.45,"quantity":0.1,"timestamp":1772552651834},{"is_buyer_maker":true,"price":84.44,"quantity":94.12,"timestamp":1772552651871},{"is_buyer_maker":true,"price":84.43,"quantity":0.46,"timestamp":1772552651929},{"is_buyer_maker":false,"price":84.44,"quantity":0.08,"timestamp":1772552651959},{"is_buyer_maker":true,"price":84.43,"quantity":0.94,"timestamp":1772552652098},{"is_buyer_maker":false,"price":84.44,"quantity":2.13,"timestamp":1772552652157},{"is_buyer_maker":false,"price":84.45,"quantity":2.64,"timestamp":1772552652169},{"is_buyer_maker":false,"price":84.45,"quantity":110.27,"timestamp":1772552652309},{"is_buyer_maker":false,"price":84.46,"quantity":0.81,"timestamp":1772552652399},{"is_buyer_maker":false,"price":84.46,"quantity":35.72,"timestamp":1772552652550},{"is_buyer_maker":true,"price":84.46,"quantity":15.0,"timestamp":1772552652988},{"is_buyer_maker":true,"price":84.45,"quantity":18.77,"timestamp":1772552653056},{"is_buyer_maker":false,"price":84.45,"quantity":176.34,"timestamp":1772552653252},{"is_buyer_maker":true,"price":84.44,"quantity":2.77,"timestamp":1772552653286},{"is_buyer_maker":true,"price":84.44,"quantity":329.37,"timestamp":1772552653471},{"is_buyer_maker":true,"price":84.43,"quantity":127.27,"timestamp":1772552653489},{"is_buyer_maker":false,"price":84.43,"quantity":11.83,"timestamp":1772552653645},{"is_buyer_maker":true,"price":84.42,"quantity":3.12,"timestamp":1772552653927},{"is_buyer_maker":true,"price":84.42,"quantity":31.42,"timestamp":1772552654038},{"is_buyer_maker":true,"price":84.42,"quantity":11.9,"timestamp":1772552654269},{"is_buyer_maker":true,"price":84.42,"quantity":116.76,"timestamp":1772552654708},{"is_buyer_maker":true,"price":84.41,"quantity":48.71,"timestamp":1772552654790},{"is_buyer_maker":false,"price":84.42,"quantity":29.58,"timestamp":1772552654889},{"is_buyer_maker":true,"price":84.41,"quantity":0.89,"timestamp":1772552655013},{"is_buyer_maker":true,"price":84.41,"quantity":0.41,"timestamp":1772552655156},{"is_buyer_maker":false,"price":84.42,"quantity":35.05,"timestamp":1772552655400},{"is_buyer_maker":true,"price":84.41,"quantity":2.88,"timestamp":1772552655422},{"is_buyer_maker":false,"price":84.42,"quantity":0.08,"timestamp":1772552655647},{"is_buyer_maker":true,"price":84.41,"quantity":6.81,"timestamp":1772552655739},{"is_buyer_maker":false,"price":84.42,"quantity":1.87,"timestamp":1772552655757},{"is_buyer_maker":true,"price":84.41,"quantity":38.06,"timestamp":1772552655759},{"is_buyer_maker":false,"price":84.41,"quantity":30.2,"timestamp":1772552655852},{"is_buyer_maker":true,"price":84.41,"quantity":0.08,"timestamp":1772552655906},{"is_buyer_maker":true,"price":84.41,"quantity":1.65,"timestamp":1772552656075},{"is_buyer_maker":true,"price":84.41,"quantity":4.54,"timestamp":1772552656201},{"is_buyer_maker":true,"price":84.41,"quantity":0.74,"timestamp":1772552656371},{"is_buyer_maker":true,"price":84.41,"quantity":698.0,"timestamp":1772552656486},{"is_buyer_maker":true,"price":84.41,"quantity":0.28,"timestamp":1772552656714},{"is_buyer_maker":true,"price":84.41,"quantity":11.62,"timestamp":1772552656996},{"is_buyer_maker":true,"price":84.41,"quantity":1.86,"timestamp":1772552657176},{"is_buyer_maker":false,"price":84.42,"quantity":5.92,"timestamp":1772552657242},{"is_buyer_maker":false,"price":84.42,"quantity":2.53,"timestamp":1772552657393},{"is_buyer_maker":true,"price":84.41,"quantity":51.5,"timestamp":1772552657422},{"is_buyer_maker":true,"price":84.41,"quantity":3.84,"timestamp":1772552657551},{"is_buyer_maker":false,"price":84.42,"quantity":1.53,"timestamp":1772552657594},{"is_buyer_maker":true,"price":84.41,"quantity":0.19,"timestamp":1772552657625},{"is_buyer_maker":false,"price":84.42,"quantity":1.34,"timestamp":1772552657766},{"is_buyer_maker":true,"price":84.41,"quantity":5.94,"timestamp":1772552657975},{"is_buyer_maker":false,"price":84.42,"quantity":20.71,"timestamp":1772552658003},{"is_buyer_maker":true,"price":84.41,"quantity":0.2,"timestamp":1772552658145},{"is_buyer_maker":true,"price":84.41,"quantity":75.82,"timestamp":1772552658293},{"is_buyer_maker":true,"price":84.4,"quantity":0.07,"timestamp":1772552658527},{"is_buyer_maker":true,"price":84.4,"quantity":0.27,"timestamp":1772552658849},{"is_buyer_maker":false,"price":84.41,"quantity":0.59,"timestamp":1772552659013},{"is_buyer_maker":true,"price":84.4,"quantity":5.0,"timestamp":1772552659059},{"is_buyer_maker":false,"price":84.41,"quantity":236.11,"timestamp":1772552659062},{"is_buyer_maker":false,"price":84.41,"quantity":2.98,"timestamp":1772552659191},{"is_buyer_maker":false,"price":84.41,"quantity":41.84,"timestamp":1772552659347},{"is_buyer_maker":false,"price":84.42,"quantity":25.34,"timestamp":1772552659402},{"is_buyer_maker":false,"price":84.43,"quantity":12.0,"timestamp":1772552659473},{"is_buyer_maker":true,"price":84.42,"quantity":12.0,"timestamp":1772552659535},{"is_buyer_maker":false,"price":84.43,"quantity":0.26,"timestamp":1772552659610},{"is_buyer_maker":true,"price":84.42,"quantity":5.92,"timestamp":1772552660014},{"is_buyer_maker":true,"price":84.42,"quantity":4.0,"timestamp":1772552660453},{"is_buyer_maker":true,"price":84.42,"quantity":124.5,"timestamp":1772552660935},{"is_buyer_maker":true,"price":84.41,"quantity":25.69,"timestamp":1772552661057},{"is_buyer_maker":true,"price":84.4,"quantity":2375.0,"timestamp":1772552661116},{"is_buyer_maker":true,"price":84.39,"quantity":0.63,"timestamp":1772552661260},{"is_buyer_maker":false,"price":84.4,"quantity":0.21,"timestamp":1772552661434},{"is_buyer_maker":true,"price":84.39,"quantity":173.8,"timestamp":1772552661736},{"is_buyer_maker":true,"price":84.38,"quantity":143.9,"timestamp":1772552661832},{"is_buyer_maker":true,"price":84.37,"quantity":150.4,"timestamp":1772552661890},{"is_buyer_maker":true,"price":84.37,"quantity":9.01,"timestamp":1772552662050},{"is_buyer_maker":false,"price":84.38,"quantity":20.84,"timestamp":1772552662050},{"is_buyer_maker":false,"price":84.39,"quantity":6.47,"timestamp":1772552662050},{"is_buyer_maker":true,"price":84.37,"quantity":9.01,"timestamp":1772552662050},{"is_buyer_maker":false,"price":84.38,"quantity":20.84,"timestamp":1772552662050},{"is_buyer_maker":false,"price":84.39,"quantity":6.47,"timestamp":1772552662050},{"is_buyer_maker":true,"price":84.37,"quantity":9.01,"timestamp":1772552662050},{"is_buyer_maker":false,"price":84.38,"quantity":20.84,"timestamp":1772552662050},{"is_buyer_maker":false,"price":84.39,"quantity":6.47,"timestamp":1772552662050},{"is_buyer_maker":true,"price":84.37,"quantity":9.01,"timestamp":1772552662050},{"is_buyer_maker":false,"price":84.38,"quantity":20.84,"timestamp":1772552662050},{"is_buyer_maker":false,"price":84.39,"quantity":6.47,"timestamp":1772552662050},{"is_buyer_maker":true,"price":84.37,"quantity":9.01,"timestamp":1772552662050},{"is_buyer_maker":false,"price":84.38,"quantity":20.84,"timestamp":1772552662050},{"is_buyer_maker":false,"price":84.39,"quantity":6.47,"timestamp":1772552662050},{"is_buyer_maker":true,"price":84.37,"quantity":9.01,"timestamp":1772552662050},{"is_buyer_maker":false,"price":84.38,"quantity":20.84,"timestamp":1772552662050},{"is_buyer_maker":false,"price":84.39,"quantity":6.47,"timestamp":1772552662050},{"is_buyer_maker":true,"price":84.37,"quantity":9.01,"timestamp":1772552662050},{"is_buyer_maker":false,"price":84.38,"quantity":20.84,"timestamp":1772552662050},{"is_buyer_maker":false,"price":84.39,"quantity":6.47,"timestamp":1772552662050},{"is_buyer_maker":true,"price":84.37,"quantity":9.01,"timestamp":1772552662050},{"is_buyer_maker":false,"price":84.38,"quantity":20.84,"timestamp":1772552662050},{"is_buyer_maker":false,"price":84.39,"quantity":6.47,"timestamp":1772552662050},{"is_buyer_maker":true,"price":84.37,"quantity":9.01,"timestamp":1772552662050},{"is_buyer_maker":false,"price":84.38,"quantity":20.84,"timestamp":1772552662050},{"is_buyer_maker":false,"price":84.39,"quantity":6.47,"timestamp":1772552662050},{"is_buyer_maker":true,"price":84.37,"quantity":9.01,"timestamp":1772552662050},{"is_buyer_maker":false,"price":84.38,"quantity":20.84,"timestamp":1772552662050},{"is_buyer_maker":false,"price":84.39,"quantity":6.47,"timestamp":1772552662050},{"is_buyer_maker":true,"price":84.37,"quantity":9.01,"timestamp":1772552662050},{"is_buyer_maker":false,"price":84.38,"quantity":20.84,"timestamp":1772552662050},{"is_buyer_maker":false,"price":84.39,"quantity":6.47,"timestamp":1772552662050},{"is_buyer_maker":true,"price":84.37,"quantity":9.01,"timestamp":1772552662050},{"is_buyer_maker":false,"price":84.38,"quantity":20.84,"timestamp":1772552662050},{"is_buyer_maker":false,"price":84.39,"quantity":6.47,"timestamp":1772552662050},{"is_buyer_maker":true,"price":84.37,"quantity":9.01,"timestamp":1772552662050},{"is_buyer_maker":false,"price":84.38,"quantity":20.84,"timestamp":1772552662050},{"is_buyer_maker":false,"price":84.39,"quantity":6.47,"timestamp":1772552662050},{"is_buyer_maker":true,"price":84.37,"quantity":9.01,"timestamp":1772552662050},{"is_buyer_maker":false,"price":84.38,"quantity":20.84,"timestamp":1772552662050},{"is_buyer_maker":false,"price":84.39,"quantity":6.47,"timestamp":1772552662050},{"is_buyer_maker":true,"price":84.37,"quantity":9.01,"timestamp":1772552662050},{"is_buyer_maker":false,"price":84.38,"quantity":20.84,"timestamp":1772552662050},{"is_buyer_maker":false,"price":84.39,"quantity":6.47,"timestamp":1772552662050},{"is_buyer_maker":true,"price":84.37,"quantity":9.01,"timestamp":1772552662050},{"is_buyer_maker":false,"price":84.38,"quantity":20.84,"timestamp":1772552662050},{"is_buyer_maker":false,"price":84.39,"quantity":6.47,"timestamp":1772552662050},{"is_buyer_maker":true,"price":84.37,"quantity":9.01,"timestamp":1772552662050},{"is_buyer_maker":false,"price":84.38,"quantity":20.84,"timestamp":1772552662050},{"is_buyer_maker":false,"price":84.39,"quantity":6.47,"timestamp":1772552662050},{"is_buyer_maker":true,"price":84.37,"quantity":9.01,"timestamp":1772552662050},{"is_buyer_maker":false,"price":84.38,"quantity":20.84,"timestamp":1772552662050},{"is_buyer_maker":false,"price":84.39,"quantity":6.47,"timestamp":1772552662050},{"is_buyer_maker":true,"price":84.37,"quantity":9.01,"timestamp":1772552662050},{"is_buyer_maker":false,"price":84.38,"quantity":20.84,"timestamp":1772552662050},{"is_buyer_maker":false,"price":84.39,"quantity":6.47,"timestamp":1772552662050},{"is_buyer_maker":true,"price":84.38,"quantity":0.08,"timestamp":1772552662055},{"is_buyer_maker":false,"price":84.39,"quantity":55.91,"timestamp":1772552662091},{"is_buyer_maker":true,"price":84.38,"quantity":0.05,"timestamp":1772552662227},{"is_buyer_maker":false,"price":84.39,"quantity":52.45,"timestamp":1772552662269},{"is_buyer_maker":false,"price":84.4,"quantity":2.41,"timestamp":1772552662287},{"is_buyer_maker":false,"price":84.41,"quantity":19.89,"timestamp":1772552662302},{"is_buyer_maker":true,"price":84.4,"quantity":0.08,"timestamp":1772552662312},{"is_buyer_maker":false,"price":84.41,"quantity":67.71,"timestamp":1772552662351},{"is_buyer_maker":false,"price":84.42,"quantity":2.77,"timestamp":1772552662373},{"is_buyer_maker":true,"price":84.41,"quantity":5.51,"timestamp":1772552662430},{"is_buyer_maker":false,"price":84.42,"quantity":124.44,"timestamp":1772552662477},{"is_buyer_maker":false,"price":84.43,"quantity":36.04,"timestamp":1772552662604},{"is_buyer_maker":false,"price":84.44,"quantity":50.96,"timestamp":1772552662616},{"is_buyer_maker":true,"price":84.43,"quantity":2.37,"timestamp":1772552662676},{"is_buyer_maker":true,"price":84.43,"quantity":7.01,"timestamp":1772552662815},{"is_buyer_maker":true,"price":84.43,"quantity":43.19,"timestamp":1772552662964},{"is_buyer_maker":true,"price":84.43,"quantity":0.35,"timestamp":1772552663144},{"is_buyer_maker":false,"price":84.44,"quantity":0.73,"timestamp":1772552663148},{"is_buyer_maker":true,"price":84.43,"quantity":12.84,"timestamp":1772552663155},{"is_buyer_maker":false,"price":84.44,"quantity":32.12,"timestamp":1772552663160},{"is_buyer_maker":true,"price":84.43,"quantity":54.35,"timestamp":1772552663236},{"is_buyer_maker":true,"price":84.43,"quantity":0.13,"timestamp":1772552663338},{"is_buyer_maker":false,"price":84.44,"quantity":1.16,"timestamp":1772552663500},{"is_buyer_maker":true,"price":84.43,"quantity":54.04,"timestamp":1772552663581},{"is_buyer_maker":false,"price":84.44,"quantity":0.14,"timestamp":1772552663693},{"is_buyer_maker":true,"price":84.43,"quantity":25.39,"timestamp":1772552663836},{"is_buyer_maker":true,"price":84.42,"quantity":30.62,"timestamp":1772552663841},{"is_buyer_maker":true,"price":84.42,"quantity":46.28,"timestamp":1772552664060},{"is_buyer_maker":false,"price":84.43,"quantity":0.14,"timestamp":1772552664162},{"is_buyer_maker":true,"price":84.42,"quantity":237.18,"timestamp":1772552664310},{"is_buyer_maker":true,"price":84.42,"quantity":191.89,"timestamp":1772552664429},{"is_buyer_maker":true,"price":84.42,"quantity":72.77,"timestamp":1772552664639},{"is_buyer_maker":false,"price":84.43,"quantity":6.71,"timestamp":1772552665040},{"is_buyer_maker":true,"price":84.42,"quantity":142.76,"timestamp":1772552665081},{"is_buyer_maker":true,"price":84.42,"quantity":721.94,"timestamp":1772552665204},{"is_buyer_maker":true,"price":84.41,"quantity":686.92,"timestamp":1772552665260},{"is_buyer_maker":true,"price":84.4,"quantity":814.1,"timestamp":1772552665260},{"is_buyer_maker":true,"price":84.41,"quantity":686.92,"timestamp":1772552665260},{"is_buyer_maker":true,"price":84.4,"quantity":814.1,"timestamp":1772552665260},{"is_buyer_maker":true,"price":84.41,"quantity":686.92,"timestamp":1772552665260},{"is_buyer_maker":true,"price":84.4,"quantity":814.1,"timestamp":1772552665260},{"is_buyer_maker":true,"price":84.41,"quantity":686.92,"timestamp":1772552665260},{"is_buyer_maker":true,"price":84.4,"quantity":814.1,"timestamp":1772552665260},{"is_buyer_maker":true,"price":84.41,"quantity":686.92,"timestamp":1772552665260},{"is_buyer_maker":true,"price":84.4,"quantity":814.1,"timestamp":1772552665260},{"is_buyer_maker":true,"price":84.41,"quantity":686.92,"timestamp":1772552665260},{"is_buyer_maker":true,"price":84.4,"quantity":814.1,"timestamp":1772552665260},{"is_buyer_maker":true,"price":84.41,"quantity":686.92,"timestamp":1772552665260},{"is_buyer_maker":true,"price":84.4,"quantity":814.1,"timestamp":1772552665260},{"is_buyer_maker":true,"price":84.41,"quantity":686.92,"timestamp":1772552665260},{"is_buyer_maker":true,"price":84.4,"quantity":814.1,"timestamp":1772552665260},{"is_buyer_maker":true,"price":84.41,"quantity":686.92,"timestamp":1772552665260},{"is_buyer_maker":true,"price":84.4,"quantity":814.1,"timestamp":1772552665260},{"is_buyer_maker":true,"price":84.41,"quantity":686.92,"timestamp":1772552665260},{"is_buyer_maker":true,"price":84.4,"quantity":814.1,"timestamp":1772552665260},{"is_buyer_maker":true,"price":84.41,"quantity":686.92,"timestamp":1772552665260},{"is_buyer_maker":true,"price":84.4,"quantity":814.1,"timestamp":1772552665260},{"is_buyer_maker":true,"price":84.41,"quantity":686.92,"timestamp":1772552665260},{"is_buyer_maker":true,"price":84.4,"quantity":814.1,"timestamp":1772552665260},{"is_buyer_maker":true,"price":84.41,"quantity":686.92,"timestamp":1772552665260},{"is_buyer_maker":true,"price":84.4,"quantity":814.1,"timestamp":1772552665260},{"is_buyer_maker":true,"price":84.41,"quantity":686.92,"timestamp":1772552665260},{"is_buyer_maker":true,"price":84.4,"quantity":814.1,"timestamp":1772552665260},{"is_buyer_maker":true,"price":84.41,"quantity":686.92,"timestamp":1772552665260},{"is_buyer_maker":true,"price":84.4,"quantity":814.1,"timestamp":1772552665260},{"is_buyer_maker":true,"price":84.41,"quantity":686.92,"timestamp":1772552665260},{"is_buyer_maker":true,"price":84.4,"quantity":814.1,"timestamp":1772552665260},{"is_buyer_maker":true,"price":84.41,"quantity":686.92,"timestamp":1772552665260},{"is_buyer_maker":true,"price":84.4,"quantity":814.1,"timestamp":1772552665260},{"is_buyer_maker":true,"price":84.41,"quantity":686.92,"timestamp":1772552665260},{"is_buyer_maker":true,"price":84.4,"quantity":814.1,"timestamp":1772552665260},{"is_buyer_maker":true,"price":84.41,"quantity":686.92,"timestamp":1772552665260},{"is_buyer_maker":true,"price":84.4,"quantity":814.1,"timestamp":1772552665260},{"is_buyer_maker":true,"price":84.41,"quantity":0.19,"timestamp":1772552665263},{"is_buyer_maker":true,"price":84.41,"quantity":1.97,"timestamp":1772552665427},{"is_buyer_maker":false,"price":84.41,"quantity":3.67,"timestamp":1772552665690},{"is_buyer_maker":false,"price":84.41,"quantity":102.18,"timestamp":1772552665840},{"is_buyer_maker":false,"price":84.42,"quantity":159.94,"timestamp":1772552665913},{"is_buyer_maker":false,"price":84.42,"quantity":15.08,"timestamp":1772552666020},{"is_buyer_maker":true,"price":84.42,"quantity":0.08,"timestamp":1772552666025},{"is_buyer_maker":false,"price":84.43,"quantity":74.84,"timestamp":1772552666750},{"is_buyer_maker":false,"price":84.44,"quantity":17.34,"timestamp":1772552666752},{"is_buyer_maker":true,"price":84.43,"quantity":2.56,"timestamp":1772552666777},{"is_buyer_maker":false,"price":84.44,"quantity":24.0,"timestamp":1772552666795},{"is_buyer_maker":false,"price":84.45,"quantity":127.57,"timestamp":1772552667339},{"is_buyer_maker":false,"price":84.46,"quantity":0.33,"timestamp":1772552667550},{"is_buyer_maker":false,"price":84.46,"quantity":0.29,"timestamp":1772552667735},{"is_buyer_maker":true,"price":84.45,"quantity":0.07,"timestamp":1772552667856},{"is_buyer_maker":false,"price":84.46,"quantity":2.35,"timestamp":1772552668017},{"is_buyer_maker":true,"price":84.45,"quantity":2.93,"timestamp":1772552668019},{"is_buyer_maker":false,"price":84.46,"quantity":115.93,"timestamp":1772552668388},{"is_buyer_maker":true,"price":84.46,"quantity":31.73,"timestamp":1772552668389},{"is_buyer_maker":false,"price":84.47,"quantity":58.86,"timestamp":1772552668972},{"is_buyer_maker":true,"price":84.46,"quantity":35.52,"timestamp":1772552669082},{"is_buyer_maker":false,"price":84.46,"quantity":58.86,"timestamp":1772552669139},{"is_buyer_maker":true,"price":84.45,"quantity":11.56,"timestamp":1772552669189},{"is_buyer_maker":true,"price":84.44,"quantity":0.37,"timestamp":1772552669191},{"is_buyer_maker":true,"price":84.44,"quantity":0.59,"timestamp":1772552669294},{"is_buyer_maker":true,"price":84.44,"quantity":1.0,"timestamp":1772552669652},{"is_buyer_maker":false,"price":84.45,"quantity":9.21,"timestamp":1772552669766},{"is_buyer_maker":true,"price":84.44,"quantity":19.94,"timestamp":1772552669886},{"is_buyer_maker":false,"price":84.45,"quantity":5.92,"timestamp":1772552670059},{"is_buyer_maker":false,"price":84.45,"quantity":2.38,"timestamp":1772552670308},{"is_buyer_maker":true,"price":84.44,"quantity":219.13,"timestamp":1772552670392},{"is_buyer_maker":false,"price":84.45,"quantity":0.12,"timestamp":1772552670490},{"is_buyer_maker":false,"price":84.45,"quantity":37.79,"timestamp":1772552670605},{"is_buyer_maker":true,"price":84.45,"quantity":0.07,"timestamp":1772552670732},{"is_buyer_maker":false,"price":84.46,"quantity":13.03,"timestamp":1772552670876},{"is_buyer_maker":true,"price":84.45,"quantity":195.86,"timestamp":1772552670877},{"is_buyer_maker":true,"price":84.44,"quantity":116.89,"timestamp":1772552670933},{"is_buyer_maker":false,"price":84.44,"quantity":0.59,"timestamp":1772552671232},{"is_buyer_maker":true,"price":84.43,"quantity":1.46,"timestamp":1772552671244},{"is_buyer_maker":true,"price":84.43,"quantity":11.84,"timestamp":1772552671392},{"is_buyer_maker":false,"price":84.44,"quantity":2.0,"timestamp":1772552671398},{"is_buyer_maker":true,"price":84.43,"quantity":61.85,"timestamp":1772552671546},{"is_buyer_maker":false,"price":84.43,"quantity":0.07,"timestamp":1772552671640},{"is_buyer_maker":true,"price":84.42,"quantity":23.72,"timestamp":1772552671701},{"is_buyer_maker":false,"price":84.43,"quantity":0.14,"timestamp":1772552671781},{"is_buyer_maker":false,"price":84.43,"quantity":156.66,"timestamp":1772552672003},{"is_buyer_maker":false,"price":84.43,"quantity":2.36,"timestamp":1772552672140},{"is_buyer_maker":false,"price":84.43,"quantity":23.29,"timestamp":1772552672241},{"is_buyer_maker":false,"price":84.43,"quantity":118.44,"timestamp":1772552672392},{"is_buyer_maker":true,"price":84.42,"quantity":23.8,"timestamp":1772552672498},{"is_buyer_maker":false,"price":84.43,"quantity":57.95,"timestamp":1772552672777},{"is_buyer_maker":true,"price":84.43,"quantity":0.08,"timestamp":1772552672779},{"is_buyer_maker":false,"price":84.44,"quantity":58.24,"timestamp":1772552672787},{"is_buyer_maker":true,"price":84.44,"quantity":1.04,"timestamp":1772552672810},{"is_buyer_maker":false,"price":84.45,"quantity":1.0,"timestamp":1772552672929},{"is_buyer_maker":true,"price":84.44,"quantity":0.24,"timestamp":1772552673038},{"is_buyer_maker":true,"price":84.44,"quantity":0.06,"timestamp":1772552673359},{"is_buyer_maker":true,"price":84.44,"quantity":184.32,"timestamp":1772552673619},{"is_buyer_maker":true,"price":84.44,"quantity":0.58,"timestamp":1772552673763},{"is_buyer_maker":false,"price":84.45,"quantity":11.48,"timestamp":1772552673985},{"is_buyer_maker":false,"price":84.45,"quantity":1.22,"timestamp":1772552674130},{"is_buyer_maker":false,"price":84.46,"quantity":40.46,"timestamp":1772552674158},{"is_buyer_maker":true,"price":84.46,"quantity":2.31,"timestamp":1772552674184},{"is_buyer_maker":false,"price":84.47,"quantity":23.99,"timestamp":1772552674367},{"is_buyer_maker":false,"price":84.48,"quantity":0.29,"timestamp":1772552674390},{"is_buyer_maker":true,"price":84.47,"quantity":31.27,"timestamp":1772552674649},{"is_buyer_maker":true,"price":84.46,"quantity":0.15,"timestamp":1772552674658},{"is_buyer_maker":true,"price":84.46,"quantity":53.75,"timestamp":1772552674879},{"is_buyer_maker":false,"price":84.46,"quantity":0.2,"timestamp":1772552674945},{"is_buyer_maker":true,"price":84.45,"quantity":17.22,"timestamp":1772552674983},{"is_buyer_maker":true,"price":84.44,"quantity":5.74,"timestamp":1772552675108},{"is_buyer_maker":false,"price":84.45,"quantity":47.03,"timestamp":1772552675220},{"is_buyer_maker":true,"price":84.44,"quantity":1.3,"timestamp":1772552675425},{"is_buyer_maker":false,"price":84.45,"quantity":245.29,"timestamp":1772552675489},{"is_buyer_maker":false,"price":84.46,"quantity":54.04,"timestamp":1772552675729},{"is_buyer_maker":true,"price":84.46,"quantity":50.33,"timestamp":1772552675731},{"is_buyer_maker":false,"price":84.47,"quantity":1033.91,"timestamp":1772552675846},{"is_buyer_maker":false,"price":84.48,"quantity":135.22,"timestamp":1772552675904},{"is_buyer_maker":true,"price":84.47,"quantity":0.08,"timestamp":1772552675906},{"is_buyer_maker":false,"price":84.48,"quantity":1.53,"timestamp":1772552675952},{"is_buyer_maker":false,"price":84.48,"quantity":37.49,"timestamp":1772552676171},{"is_buyer_maker":true,"price":84.47,"quantity":2.67,"timestamp":1772552676201},{"is_buyer_maker":false,"price":84.48,"quantity":17.98,"timestamp":1772552676269},{"is_buyer_maker":true,"price":84.47,"quantity":1.18,"timestamp":1772552676502},{"is_buyer_maker":true,"price":84.47,"quantity":251.79,"timestamp":1772552676658},{"is_buyer_maker":true,"price":84.46,"quantity":45.04,"timestamp":1772552676658},{"is_buyer_maker":true,"price":84.47,"quantity":251.79,"timestamp":1772552676658},{"is_buyer_maker":true,"price":84.46,"quantity":45.04,"timestamp":1772552676658},{"is_buyer_maker":true,"price":84.47,"quantity":251.79,"timestamp":1772552676658},{"is_buyer_maker":true,"price":84.46,"quantity":45.04,"timestamp":1772552676658},{"is_buyer_maker":true,"price":84.47,"quantity":251.79,"timestamp":1772552676658},{"is_buyer_maker":true,"price":84.46,"quantity":45.04,"timestamp":1772552676658},{"is_buyer_maker":true,"price":84.47,"quantity":251.79,"timestamp":1772552676658},{"is_buyer_maker":true,"price":84.46,"quantity":45.04,"timestamp":1772552676658},{"is_buyer_maker":true,"price":84.47,"quantity":251.79,"timestamp":1772552676658},{"is_buyer_maker":true,"price":84.46,"quantity":45.04,"timestamp":1772552676658},{"is_buyer_maker":true,"price":84.47,"quantity":251.79,"timestamp":1772552676658},{"is_buyer_maker":true,"price":84.46,"quantity":45.04,"timestamp":1772552676658},{"is_buyer_maker":true,"price":84.47,"quantity":251.79,"timestamp":1772552676658},{"is_buyer_maker":true,"price":84.46,"quantity":45.04,"timestamp":1772552676658},{"is_buyer_maker":true,"price":84.47,"quantity":251.79,"timestamp":1772552676658},{"is_buyer_maker":true,"price":84.46,"quantity":45.04,"timestamp":1772552676658},{"is_buyer_maker":true,"price":84.47,"quantity":251.79,"timestamp":1772552676658},{"is_buyer_maker":true,"price":84.46,"quantity":45.04,"timestamp":1772552676658},{"is_buyer_maker":true,"price":84.47,"quantity":251.79,"timestamp":1772552676658},{"is_buyer_maker":true,"price":84.46,"quantity":45.04,"timestamp":1772552676658},{"is_buyer_maker":true,"price":84.47,"quantity":251.79,"timestamp":1772552676658},{"is_buyer_maker":true,"price":84.46,"quantity":45.04,"timestamp":1772552676658},{"is_buyer_maker":true,"price":84.47,"quantity":251.79,"timestamp":1772552676658},{"is_buyer_maker":true,"price":84.46,"quantity":45.04,"timestamp":1772552676658},{"is_buyer_maker":true,"price":84.47,"quantity":251.79,"timestamp":1772552676658},{"is_buyer_maker":true,"price":84.46,"quantity":45.04,"timestamp":1772552676658},{"is_buyer_maker":true,"price":84.47,"quantity":251.79,"timestamp":1772552676658},{"is_buyer_maker":true,"price":84.46,"quantity":45.04,"timestamp":1772552676658},{"is_buyer_maker":true,"price":84.47,"quantity":251.79,"timestamp":1772552676658},{"is_buyer_maker":true,"price":84.46,"quantity":45.04,"timestamp":1772552676658},{"is_buyer_maker":true,"price":84.47,"quantity":251.79,"timestamp":1772552676658},{"is_buyer_maker":true,"price":84.46,"quantity":45.04,"timestamp":1772552676658},{"is_buyer_maker":true,"price":84.47,"quantity":251.79,"timestamp":1772552676658},{"is_buyer_maker":true,"price":84.46,"quantity":45.04,"timestamp":1772552676658},{"is_buyer_maker":false,"price":84.47,"quantity":144.19,"timestamp":1772552677273},{"is_buyer_maker":true,"price":84.46,"quantity":1.18,"timestamp":1772552677466},{"is_buyer_maker":false,"price":84.47,"quantity":5.5,"timestamp":1772552677731},{"is_buyer_maker":false,"price":84.47,"quantity":17.91,"timestamp":1772552677936},{"is_buyer_maker":false,"price":84.47,"quantity":40.75,"timestamp":1772552678146},{"is_buyer_maker":false,"price":84.47,"quantity":0.48,"timestamp":1772552678383},{"is_buyer_maker":false,"price":84.47,"quantity":1.9,"timestamp":1772552678495},{"is_buyer_maker":true,"price":84.46,"quantity":77.45,"timestamp":1772552678982},{"is_buyer_maker":true,"price":84.45,"quantity":7.39,"timestamp":1772552679096},{"is_buyer_maker":false,"price":84.45,"quantity":21.77,"timestamp":1772552679297},{"is_buyer_maker":false,"price":84.46,"quantity":285.2,"timestamp":1772552679297},{"is_buyer_maker":false,"price":84.45,"quantity":21.77,"timestamp":1772552679297},{"is_buyer_maker":false,"price":84.46,"quantity":285.2,"timestamp":1772552679297},{"is_buyer_maker":false,"price":84.45,"quantity":21.77,"timestamp":1772552679297},{"is_buyer_maker":false,"price":84.46,"quantity":285.2,"timestamp":1772552679297},{"is_buyer_maker":false,"price":84.45,"quantity":21.77,"timestamp":1772552679297},{"is_buyer_maker":false,"price":84.46,"quantity":285.2,"timestamp":1772552679297},{"is_buyer_maker":false,"price":84.45,"quantity":21.77,"timestamp":1772552679297},{"is_buyer_maker":false,"price":84.46,"quantity":285.2,"timestamp":1772552679297},{"is_buyer_maker":false,"price":84.45,"quantity":21.77,"timestamp":1772552679297},{"is_buyer_maker":false,"price":84.46,"quantity":285.2,"timestamp":1772552679297},{"is_buyer_maker":false,"price":84.45,"quantity":21.77,"timestamp":1772552679297},{"is_buyer_maker":false,"price":84.46,"quantity":285.2,"timestamp":1772552679297},{"is_buyer_maker":false,"price":84.45,"quantity":21.77,"timestamp":1772552679297},{"is_buyer_maker":false,"price":84.46,"quantity":285.2,"timestamp":1772552679297},{"is_buyer_maker":false,"price":84.45,"quantity":21.77,"timestamp":1772552679297},{"is_buyer_maker":false,"price":84.46,"quantity":285.2,"timestamp":1772552679297},{"is_buyer_maker":false,"price":84.45,"quantity":21.77,"timestamp":1772552679297},{"is_buyer_maker":false,"price":84.46,"quantity":285.2,"timestamp":1772552679297},{"is_buyer_maker":false,"price":84.45,"quantity":21.77,"timestamp":1772552679297},{"is_buyer_maker":false,"price":84.46,"quantity":285.2,"timestamp":1772552679297},{"is_buyer_maker":false,"price":84.45,"quantity":21.77,"timestamp":1772552679297},{"is_buyer_maker":false,"price":84.46,"quantity":285.2,"timestamp":1772552679297},{"is_buyer_maker":false,"price":84.45,"quantity":21.77,"timestamp":1772552679297},{"is_buyer_maker":false,"price":84.46,"quantity":285.2,"timestamp":1772552679297},{"is_buyer_maker":false,"price":84.45,"quantity":21.77,"timestamp":1772552679297},{"is_buyer_maker":false,"price":84.46,"quantity":285.2,"timestamp":1772552679297},{"is_buyer_maker":false,"price":84.45,"quantity":21.77,"timestamp":1772552679297},{"is_buyer_maker":false,"price":84.46,"quantity":285.2,"timestamp":1772552679297},{"is_buyer_maker":false,"price":84.45,"quantity":21.77,"timestamp":1772552679297},{"is_buyer_maker":false,"price":84.46,"quantity":285.2,"timestamp":1772552679297},{"is_buyer_maker":false,"price":84.45,"quantity":21.77,"timestamp":1772552679297},{"is_buyer_maker":false,"price":84.46,"quantity":285.2,"timestamp":1772552679297},{"is_buyer_maker":false,"price":84.45,"quantity":21.77,"timestamp":1772552679297},{"is_buyer_maker":false,"price":84.46,"quantity":285.2,"timestamp":1772552679297},{"is_buyer_maker":true,"price":84.46,"quantity":0.08,"timestamp":1772552679299},{"is_buyer_maker":false,"price":84.47,"quantity":29.59,"timestamp":1772552679311},{"is_buyer_maker":true,"price":84.46,"quantity":2.95,"timestamp":1772552679377},{"is_buyer_maker":false,"price":84.47,"quantity":31.68,"timestamp":1772552679423},{"is_buyer_maker":true,"price":84.46,"quantity":0.05,"timestamp":1772552679638},{"is_buyer_maker":false,"price":84.47,"quantity":2.03,"timestamp":1772552679814},{"is_buyer_maker":false,"price":84.47,"quantity":1.47,"timestamp":1772552680051},{"is_buyer_maker":false,"price":84.48,"quantity":16.83,"timestamp":1772552680063},{"is_buyer_maker":true,"price":84.47,"quantity":16.61,"timestamp":1772552680137},{"is_buyer_maker":true,"price":84.46,"quantity":46.07,"timestamp":1772552680156},{"is_buyer_maker":false,"price":84.46,"quantity":0.07,"timestamp":1772552680295},{"is_buyer_maker":false,"price":84.46,"quantity":57.05,"timestamp":1772552680456},{"is_buyer_maker":true,"price":84.45,"quantity":150.3,"timestamp":1772552680545},{"is_buyer_maker":false,"price":84.46,"quantity":70.04,"timestamp":1772552680583},{"is_buyer_maker":false,"price":84.46,"quantity":10.0,"timestamp":1772552680738},{"is_buyer_maker":true,"price":84.45,"quantity":24.73,"timestamp":1772552680839},{"is_buyer_maker":false,"price":84.46,"quantity":11.18,"timestamp":1772552681030},{"is_buyer_maker":true,"price":84.45,"quantity":1.18,"timestamp":1772552681091},{"is_buyer_maker":false,"price":84.46,"quantity":0.08,"timestamp":1772552681160},{"is_buyer_maker":true,"price":84.45,"quantity":50.0,"timestamp":1772552681771},{"is_buyer_maker":true,"price":84.45,"quantity":4.73,"timestamp":1772552681960},{"is_buyer_maker":false,"price":84.46,"quantity":15.56,"timestamp":1772552681979},{"is_buyer_maker":true,"price":84.45,"quantity":0.26,"timestamp":1772552682011},{"is_buyer_maker":false,"price":84.46,"quantity":0.32,"timestamp":1772552682138},{"is_buyer_maker":true,"price":84.45,"quantity":3.57,"timestamp":1772552682278},{"is_buyer_maker":false,"price":84.46,"quantity":12.93,"timestamp":1772552683078},{"is_buyer_maker":true,"price":84.45,"quantity":61.1,"timestamp":1772552683165},{"is_buyer_maker":false,"price":84.45,"quantity":1.12,"timestamp":1772552683169},{"is_buyer_maker":true,"price":84.44,"quantity":0.34,"timestamp":1772552683191},{"is_buyer_maker":false,"price":84.45,"quantity":17.76,"timestamp":1772552683281},{"is_buyer_maker":true,"price":84.44,"quantity":997.98,"timestamp":1772552683419},{"is_buyer_maker":true,"price":84.43,"quantity":27.42,"timestamp":1772552683632},{"is_buyer_maker":true,"price":84.42,"quantity":28.26,"timestamp":1772552683651},{"is_buyer_maker":false,"price":84.42,"quantity":31.88,"timestamp":1772552683983},{"is_buyer_maker":true,"price":84.41,"quantity":0.11,"timestamp":1772552684272},{"is_buyer_maker":false,"price":84.42,"quantity":1.05,"timestamp":1772552684309},{"is_buyer_maker":false,"price":84.42,"quantity":3.47,"timestamp":1772552684634},{"is_buyer_maker":true,"price":84.41,"quantity":0.59,"timestamp":1772552685206},{"is_buyer_maker":true,"price":84.41,"quantity":1.0,"timestamp":1772552685747},{"is_buyer_maker":false,"price":84.42,"quantity":14.48,"timestamp":1772552685915},{"is_buyer_maker":true,"price":84.41,"quantity":0.29,"timestamp":1772552685982},{"is_buyer_maker":true,"price":84.41,"quantity":5.9,"timestamp":1772552686093},{"is_buyer_maker":true,"price":84.41,"quantity":0.1,"timestamp":1772552686336},{"is_buyer_maker":false,"price":84.42,"quantity":10.0,"timestamp":1772552686403},{"is_buyer_maker":true,"price":84.41,"quantity":0.24,"timestamp":1772552686436},{"is_buyer_maker":true,"price":84.41,"quantity":38.48,"timestamp":1772552686810},{"is_buyer_maker":false,"price":84.41,"quantity":11.1,"timestamp":1772552686995},{"is_buyer_maker":true,"price":84.4,"quantity":1.43,"timestamp":1772552687197},{"is_buyer_maker":true,"price":84.4,"quantity":42.48,"timestamp":1772552687421},{"is_buyer_maker":true,"price":84.39,"quantity":186.46,"timestamp":1772552687450},{"is_buyer_maker":false,"price":84.4,"quantity":0.41,"timestamp":1772552687537},{"is_buyer_maker":true,"price":84.39,"quantity":80.71,"timestamp":1772552687702},{"is_buyer_maker":false,"price":84.39,"quantity":2010.65,"timestamp":1772552687721},{"is_buyer_maker":true,"price":84.39,"quantity":111.06,"timestamp":1772552687761},{"is_buyer_maker":false,"price":84.4,"quantity":25.0,"timestamp":1772552688098},{"is_buyer_maker":true,"price":84.39,"quantity":261.08,"timestamp":1772552688138},{"is_buyer_maker":false,"price":84.39,"quantity":7.32,"timestamp":1772552688413},{"is_buyer_maker":true,"price":84.38,"quantity":0.78,"timestamp":1772552688468},{"is_buyer_maker":true,"price":84.38,"quantity":64.66,"timestamp":1772552688681},{"is_buyer_maker":false,"price":84.39,"quantity":351.0,"timestamp":1772552688744},{"is_buyer_maker":false,"price":84.4,"quantity":375.18,"timestamp":1772552688744},{"is_buyer_maker":false,"price":84.39,"quantity":351.0,"timestamp":1772552688744},{"is_buyer_maker":false,"price":84.4,"quantity":375.18,"timestamp":1772552688744},{"is_buyer_maker":false,"price":84.39,"quantity":351.0,"timestamp":1772552688744},{"is_buyer_maker":false,"price":84.4,"quantity":375.18,"timestamp":1772552688744},{"is_buyer_maker":false,"price":84.39,"quantity":351.0,"timestamp":1772552688744},{"is_buyer_maker":false,"price":84.4,"quantity":375.18,"timestamp":1772552688744},{"is_buyer_maker":false,"price":84.39,"quantity":351.0,"timestamp":1772552688744},{"is_buyer_maker":false,"price":84.4,"quantity":375.18,"timestamp":1772552688744},{"is_buyer_maker":false,"price":84.39,"quantity":351.0,"timestamp":1772552688744},{"is_buyer_maker":false,"price":84.4,"quantity":375.18,"timestamp":1772552688744},{"is_buyer_maker":false,"price":84.39,"quantity":351.0,"timestamp":1772552688744},{"is_buyer_maker":false,"price":84.4,"quantity":375.18,"timestamp":1772552688744},{"is_buyer_maker":false,"price":84.39,"quantity":351.0,"timestamp":1772552688744},{"is_buyer_maker":false,"price":84.4,"quantity":375.18,"timestamp":1772552688744},{"is_buyer_maker":false,"price":84.39,"quantity":351.0,"timestamp":1772552688744},{"is_buyer_maker":false,"price":84.4,"quantity":375.18,"timestamp":1772552688744},{"is_buyer_maker":false,"price":84.39,"quantity":351.0,"timestamp":1772552688744},{"is_buyer_maker":false,"price":84.4,"quantity":375.18,"timestamp":1772552688744},{"is_buyer_maker":false,"price":84.39,"quantity":351.0,"timestamp":1772552688744},{"is_buyer_maker":false,"price":84.4,"quantity":375.18,"timestamp":1772552688744},{"is_buyer_maker":false,"price":84.39,"quantity":351.0,"timestamp":1772552688744},{"is_buyer_maker":false,"price":84.4,"quantity":375.18,"timestamp":1772552688744},{"is_buyer_maker":false,"price":84.39,"quantity":351.0,"timestamp":1772552688744},{"is_buyer_maker":false,"price":84.4,"quantity":375.18,"timestamp":1772552688744},{"is_buyer_maker":false,"price":84.39,"quantity":351.0,"timestamp":1772552688744},{"is_buyer_maker":false,"price":84.4,"quantity":375.18,"timestamp":1772552688744},{"is_buyer_maker":false,"price":84.39,"quantity":351.0,"timestamp":1772552688744},{"is_buyer_maker":false,"price":84.4,"quantity":375.18,"timestamp":1772552688744},{"is_buyer_maker":false,"price":84.39,"quantity":351.0,"timestamp":1772552688744},{"is_buyer_maker":false,"price":84.4,"quantity":375.18,"timestamp":1772552688744},{"is_buyer_maker":false,"price":84.39,"quantity":351.0,"timestamp":1772552688744},{"is_buyer_maker":false,"price":84.4,"quantity":375.18,"timestamp":1772552688744},{"is_buyer_maker":false,"price":84.39,"quantity":351.0,"timestamp":1772552688744},{"is_buyer_maker":false,"price":84.4,"quantity":375.18,"timestamp":1772552688744},{"is_buyer_maker":true,"price":84.39,"quantity":0.08,"timestamp":1772552688745},{"is_buyer_maker":false,"price":84.4,"quantity":0.77,"timestamp":1772552688929},{"is_buyer_maker":true,"price":84.4,"quantity":0.08,"timestamp":1772552688931},{"is_buyer_maker":false,"price":84.41,"quantity":1.88,"timestamp":1772552688934},{"is_buyer_maker":true,"price":84.41,"quantity":0.08,"timestamp":1772552688954},{"is_buyer_maker":false,"price":84.42,"quantity":21.43,"timestamp":1772552689026},{"is_buyer_maker":false,"price":84.43,"quantity":3.33,"timestamp":1772552689051},{"is_buyer_maker":true,"price":84.42,"quantity":50.32,"timestamp":1772552689381},{"is_buyer_maker":false,"price":84.43,"quantity":10.18,"timestamp":1772552689600},{"is_buyer_maker":true,"price":84.42,"quantity":2.74,"timestamp":1772552689605},{"is_buyer_maker":false,"price":84.43,"quantity":0.48,"timestamp":1772552689640},{"is_buyer_maker":true,"price":84.43,"quantity":4.19,"timestamp":1772552689650},{"is_buyer_maker":false,"price":84.44,"quantity":2.0,"timestamp":1772552689817},{"is_buyer_maker":true,"price":84.43,"quantity":420.97,"timestamp":1772552689853},{"is_buyer_maker":true,"price":84.42,"quantity":636.13,"timestamp":1772552689853},{"is_buyer_maker":true,"price":84.43,"quantity":420.97,"timestamp":1772552689853},{"is_buyer_maker":true,"price":84.42,"quantity":636.13,"timestamp":1772552689853},{"is_buyer_maker":true,"price":84.43,"quantity":420.97,"timestamp":1772552689853},{"is_buyer_maker":true,"price":84.42,"quantity":636.13,"timestamp":1772552689853},{"is_buyer_maker":true,"price":84.43,"quantity":420.97,"timestamp":1772552689853},{"is_buyer_maker":true,"price":84.42,"quantity":636.13,"timestamp":1772552689853},{"is_buyer_maker":true,"price":84.43,"quantity":420.97,"timestamp":1772552689853},{"is_buyer_maker":true,"price":84.42,"quantity":636.13,"timestamp":1772552689853},{"is_buyer_maker":true,"price":84.43,"quantity":420.97,"timestamp":1772552689853},{"is_buyer_maker":true,"price":84.42,"quantity":636.13,"timestamp":1772552689853},{"is_buyer_maker":true,"price":84.43,"quantity":420.97,"timestamp":1772552689853},{"is_buyer_maker":true,"price":84.42,"quantity":636.13,"timestamp":1772552689853},{"is_buyer_maker":true,"price":84.43,"quantity":420.97,"timestamp":1772552689853},{"is_buyer_maker":true,"price":84.42,"quantity":636.13,"timestamp":1772552689853},{"is_buyer_maker":true,"price":84.43,"quantity":420.97,"timestamp":1772552689853},{"is_buyer_maker":true,"price":84.42,"quantity":636.13,"timestamp":1772552689853},{"is_buyer_maker":true,"price":84.43,"quantity":420.97,"timestamp":1772552689853},{"is_buyer_maker":true,"price":84.42,"quantity":636.13,"timestamp":1772552689853},{"is_buyer_maker":true,"price":84.43,"quantity":420.97,"timestamp":1772552689853},{"is_buyer_maker":true,"price":84.42,"quantity":636.13,"timestamp":1772552689853},{"is_buyer_maker":true,"price":84.43,"quantity":420.97,"timestamp":1772552689853},{"is_buyer_maker":true,"price":84.42,"quantity":636.13,"timestamp":1772552689853},{"is_buyer_maker":true,"price":84.43,"quantity":420.97,"timestamp":1772552689853},{"is_buyer_maker":true,"price":84.42,"quantity":636.13,"timestamp":1772552689853},{"is_buyer_maker":true,"price":84.43,"quantity":420.97,"timestamp":1772552689853},{"is_buyer_maker":true,"price":84.42,"quantity":636.13,"timestamp":1772552689853},{"is_buyer_maker":true,"price":84.43,"quantity":420.97,"timestamp":1772552689853},{"is_buyer_maker":true,"price":84.42,"quantity":636.13,"timestamp":1772552689853},{"is_buyer_maker":true,"price":84.43,"quantity":420.97,"timestamp":1772552689853},{"is_buyer_maker":true,"price":84.42,"quantity":636.13,"timestamp":1772552689853},{"is_buyer_maker":true,"price":84.43,"quantity":420.97,"timestamp":1772552689853},{"is_buyer_maker":true,"price":84.42,"quantity":636.13,"timestamp":1772552689853},{"is_buyer_maker":true,"price":84.43,"quantity":420.97,"timestamp":1772552689853},{"is_buyer_maker":true,"price":84.42,"quantity":636.13,"timestamp":1772552689853},{"is_buyer_maker":false,"price":84.43,"quantity":0.81,"timestamp":1772552689875},{"is_buyer_maker":true,"price":84.42,"quantity":66.99,"timestamp":1772552690074},{"is_buyer_maker":false,"price":84.43,"quantity":0.93,"timestamp":1772552690420},{"is_buyer_maker":true,"price":84.42,"quantity":17.19,"timestamp":1772552690908},{"is_buyer_maker":false,"price":84.42,"quantity":35.4,"timestamp":1772552691265},{"is_buyer_maker":false,"price":84.43,"quantity":2.64,"timestamp":1772552691299},{"is_buyer_maker":false,"price":84.44,"quantity":3.11,"timestamp":1772552691347},{"is_buyer_maker":true,"price":84.44,"quantity":0.21,"timestamp":1772552691367},{"is_buyer_maker":true,"price":84.44,"quantity":15.53,"timestamp":1772552691584},{"is_buyer_maker":true,"price":84.43,"quantity":8.91,"timestamp":1772552691672},{"is_buyer_maker":false,"price":84.44,"quantity":0.45,"timestamp":1772552691741},{"is_buyer_maker":true,"price":84.43,"quantity":16.5,"timestamp":1772552691786},{"is_buyer_maker":false,"price":84.44,"quantity":12.24,"timestamp":1772552691805},{"is_buyer_maker":true,"price":84.43,"quantity":1527.97,"timestamp":1772552691928},{"is_buyer_maker":true,"price":84.42,"quantity":465.88,"timestamp":1772552692016},{"is_buyer_maker":false,"price":84.43,"quantity":2.7,"timestamp":1772552692150},{"is_buyer_maker":true,"price":84.43,"quantity":1.26,"timestamp":1772552692152},{"is_buyer_maker":false,"price":84.44,"quantity":9.35,"timestamp":1772552692244},{"is_buyer_maker":false,"price":84.45,"quantity":24.26,"timestamp":1772552692315},{"is_buyer_maker":false,"price":84.46,"quantity":60.11,"timestamp":1772552692387},{"is_buyer_maker":true,"price":84.46,"quantity":10.21,"timestamp":1772552692396},{"is_buyer_maker":false,"price":84.47,"quantity":2.48,"timestamp":1772552692491},{"is_buyer_maker":true,"price":84.47,"quantity":11.6,"timestamp":1772552692549},{"is_buyer_maker":false,"price":84.48,"quantity":2.32,"timestamp":1772552692603},{"is_buyer_maker":false,"price":84.48,"quantity":150.67,"timestamp":1772552693058},{"is_buyer_maker":true,"price":84.47,"quantity":0.15,"timestamp":1772552693112},{"is_buyer_maker":true,"price":84.47,"quantity":2.85,"timestamp":1772552693350},{"is_buyer_maker":true,"price":84.47,"quantity":322.5,"timestamp":1772552693479},{"is_buyer_maker":false,"price":84.48,"quantity":585.73,"timestamp":1772552693679},{"is_buyer_maker":true,"price":84.48,"quantity":0.08,"timestamp":1772552693680},{"is_buyer_maker":false,"price":84.49,"quantity":124.74,"timestamp":1772552693681},{"is_buyer_maker":false,"price":84.5,"quantity":686.09,"timestamp":1772552693682},{"is_buyer_maker":true,"price":84.5,"quantity":0.08,"timestamp":1772552693683},{"is_buyer_maker":false,"price":84.51,"quantity":4.0,"timestamp":1772552693683},{"is_buyer_maker":true,"price":84.5,"quantity":0.08,"timestamp":1772552693683},{"is_buyer_maker":false,"price":84.51,"quantity":4.0,"timestamp":1772552693683},{"is_buyer_maker":true,"price":84.5,"quantity":0.08,"timestamp":1772552693683},{"is_buyer_maker":false,"price":84.51,"quantity":4.0,"timestamp":1772552693683},{"is_buyer_maker":true,"price":84.5,"quantity":0.08,"timestamp":1772552693683},{"is_buyer_maker":false,"price":84.51,"quantity":4.0,"timestamp":1772552693683},{"is_buyer_maker":true,"price":84.5,"quantity":0.08,"timestamp":1772552693683},{"is_buyer_maker":false,"price":84.51,"quantity":4.0,"timestamp":1772552693683},{"is_buyer_maker":true,"price":84.5,"quantity":0.08,"timestamp":1772552693683},{"is_buyer_maker":false,"price":84.51,"quantity":4.0,"timestamp":1772552693683},{"is_buyer_maker":true,"price":84.5,"quantity":0.08,"timestamp":1772552693683},{"is_buyer_maker":false,"price":84.51,"quantity":4.0,"timestamp":1772552693683},{"is_buyer_maker":true,"price":84.5,"quantity":0.08,"timestamp":1772552693683},{"is_buyer_maker":false,"price":84.51,"quantity":4.0,"timestamp":1772552693683},{"is_buyer_maker":true,"price":84.5,"quantity":0.08,"timestamp":1772552693683},{"is_buyer_maker":false,"price":84.51,"quantity":4.0,"timestamp":1772552693683},{"is_buyer_maker":true,"price":84.5,"quantity":0.08,"timestamp":1772552693683},{"is_buyer_maker":false,"price":84.51,"quantity":4.0,"timestamp":1772552693683},{"is_buyer_maker":true,"price":84.5,"quantity":0.08,"timestamp":1772552693683},{"is_buyer_maker":false,"price":84.51,"quantity":4.0,"timestamp":1772552693683},{"is_buyer_maker":true,"price":84.5,"quantity":0.08,"timestamp":1772552693683},{"is_buyer_maker":false,"price":84.51,"quantity":4.0,"timestamp":1772552693683},{"is_buyer_maker":true,"price":84.5,"quantity":0.08,"timestamp":1772552693683},{"is_buyer_maker":false,"price":84.51,"quantity":4.0,"timestamp":1772552693683},{"is_buyer_maker":true,"price":84.5,"quantity":0.08,"timestamp":1772552693683},{"is_buyer_maker":false,"price":84.51,"quantity":4.0,"timestamp":1772552693683},{"is_buyer_maker":true,"price":84.5,"quantity":0.08,"timestamp":1772552693683},{"is_buyer_maker":false,"price":84.51,"quantity":4.0,"timestamp":1772552693683},{"is_buyer_maker":true,"price":84.5,"quantity":0.08,"timestamp":1772552693683},{"is_buyer_maker":false,"price":84.51,"quantity":4.0,"timestamp":1772552693683},{"is_buyer_maker":true,"price":84.5,"quantity":0.08,"timestamp":1772552693683},{"is_buyer_maker":false,"price":84.51,"quantity":4.0,"timestamp":1772552693683},{"is_buyer_maker":true,"price":84.5,"quantity":0.08,"timestamp":1772552693683},{"is_buyer_maker":false,"price":84.51,"quantity":4.0,"timestamp":1772552693683},{"is_buyer_maker":true,"price":84.5,"quantity":0.08,"timestamp":1772552693683},{"is_buyer_maker":false,"price":84.51,"quantity":8.0,"timestamp":1772552693684},{"is_buyer_maker":true,"price":84.5,"quantity":1.12,"timestamp":1772552693685},{"is_buyer_maker":false,"price":84.51,"quantity":448.49,"timestamp":1772552693690},{"is_buyer_maker":true,"price":84.51,"quantity":0.08,"timestamp":1772552693691},{"is_buyer_maker":false,"price":84.52,"quantity":5.34,"timestamp":1772552693761},{"is_buyer_maker":true,"price":84.51,"quantity":282.03,"timestamp":1772552693785},{"is_buyer_maker":true,"price":84.5,"quantity":30.16,"timestamp":1772552693795},{"is_buyer_maker":true,"price":84.49,"quantity":1.56,"timestamp":1772552693885},{"is_buyer_maker":true,"price":84.49,"quantity":76.6,"timestamp":1772552694136},{"is_buyer_maker":false,"price":84.49,"quantity":1.77,"timestamp":1772552694195},{"is_buyer_maker":true,"price":84.48,"quantity":29.78,"timestamp":1772552694208},{"is_buyer_maker":false,"price":84.49,"quantity":97.3,"timestamp":1772552694365},{"is_buyer_maker":false,"price":84.5,"quantity":18.29,"timestamp":1772552694917},{"is_buyer_maker":false,"price":84.5,"quantity":58.6,"timestamp":1772552695132},{"is_buyer_maker":true,"price":84.49,"quantity":1.0,"timestamp":1772552695156},{"is_buyer_maker":true,"price":84.49,"quantity":1.0,"timestamp":1772552695522},{"is_buyer_maker":true,"price":84.49,"quantity":0.05,"timestamp":1772552695685},{"is_buyer_maker":false,"price":84.5,"quantity":0.09,"timestamp":1772552695823},{"is_buyer_maker":false,"price":84.5,"quantity":36.45,"timestamp":1772552695932},{"is_buyer_maker":true,"price":84.49,"quantity":1.86,"timestamp":1772552696092},{"is_buyer_maker":false,"price":84.5,"quantity":202.59,"timestamp":1772552696109},{"is_buyer_maker":false,"price":84.51,"quantity":37.76,"timestamp":1772552696119},{"is_buyer_maker":true,"price":84.5,"quantity":5.9,"timestamp":1772552696533},{"is_buyer_maker":false,"price":84.51,"quantity":0.32,"timestamp":1772552696567},{"is_buyer_maker":false,"price":84.51,"quantity":0.7,"timestamp":1772552696894},{"is_buyer_maker":true,"price":84.5,"quantity":83.78,"timestamp":1772552697032},{"is_buyer_maker":true,"price":84.49,"quantity":11.81,"timestamp":1772552697210},{"is_buyer_maker":true,"price":84.49,"quantity":29.59,"timestamp":1772552697340},{"is_buyer_maker":false,"price":84.5,"quantity":17.08,"timestamp":1772552697457},{"is_buyer_maker":false,"price":84.5,"quantity":11.75,"timestamp":1772552697615},{"is_buyer_maker":true,"price":84.49,"quantity":17.42,"timestamp":1772552697704},{"is_buyer_maker":false,"price":84.49,"quantity":16.12,"timestamp":1772552698066},{"is_buyer_maker":true,"price":84.48,"quantity":0.11,"timestamp":1772552698274},{"is_buyer_maker":false,"price":84.49,"quantity":0.21,"timestamp":1772552698367},{"is_buyer_maker":true,"price":84.48,"quantity":3.01,"timestamp":1772552698439},{"is_buyer_maker":true,"price":84.48,"quantity":91.51,"timestamp":1772552698555},{"is_buyer_maker":false,"price":84.49,"quantity":0.06,"timestamp":1772552698659},{"is_buyer_maker":true,"price":84.48,"quantity":6.45,"timestamp":1772552698687},{"is_buyer_maker":true,"price":84.48,"quantity":12.65,"timestamp":1772552698832},{"is_buyer_maker":true,"price":84.48,"quantity":144.31,"timestamp":1772552698935},{"is_buyer_maker":true,"price":84.48,"quantity":0.29,"timestamp":1772552699258},{"is_buyer_maker":true,"price":84.48,"quantity":140.68,"timestamp":1772552699370},{"is_buyer_maker":true,"price":84.48,"quantity":1.0,"timestamp":1772552699574},{"is_buyer_maker":true,"price":84.48,"quantity":580.59,"timestamp":1772552699718},{"is_buyer_maker":true,"price":84.48,"quantity":1.01,"timestamp":1772552699834},{"is_buyer_maker":true,"price":84.48,"quantity":5.2,"timestamp":1772552699947},{"is_buyer_maker":false,"price":84.49,"quantity":0.25,"timestamp":1772552700319},{"is_buyer_maker":false,"price":84.49,"quantity":23.35,"timestamp":1772552700462},{"is_buyer_maker":true,"price":84.48,"quantity":23.67,"timestamp":1772552700471},{"is_buyer_maker":false,"price":84.49,"quantity":47.9,"timestamp":1772552700648},{"is_buyer_maker":false,"price":84.5,"quantity":683.67,"timestamp":1772552700709},{"is_buyer_maker":true,"price":84.5,"quantity":0.08,"timestamp":1772552700737},{"is_buyer_maker":false,"price":84.51,"quantity":29.07,"timestamp":1772552700737},{"is_buyer_maker":true,"price":84.5,"quantity":0.08,"timestamp":1772552700737},{"is_buyer_maker":false,"price":84.51,"quantity":29.07,"timestamp":1772552700737},{"is_buyer_maker":true,"price":84.5,"quantity":0.08,"timestamp":1772552700737},{"is_buyer_maker":false,"price":84.51,"quantity":29.07,"timestamp":1772552700737},{"is_buyer_maker":true,"price":84.5,"quantity":0.08,"timestamp":1772552700737},{"is_buyer_maker":false,"price":84.51,"quantity":29.07,"timestamp":1772552700737},{"is_buyer_maker":true,"price":84.5,"quantity":0.08,"timestamp":1772552700737},{"is_buyer_maker":false,"price":84.51,"quantity":29.07,"timestamp":1772552700737},{"is_buyer_maker":true,"price":84.5,"quantity":0.08,"timestamp":1772552700737},{"is_buyer_maker":false,"price":84.51,"quantity":29.07,"timestamp":1772552700737},{"is_buyer_maker":true,"price":84.5,"quantity":0.08,"timestamp":1772552700737},{"is_buyer_maker":false,"price":84.51,"quantity":29.07,"timestamp":1772552700737},{"is_buyer_maker":true,"price":84.5,"quantity":0.08,"timestamp":1772552700737},{"is_buyer_maker":false,"price":84.51,"quantity":29.07,"timestamp":1772552700737},{"is_buyer_maker":true,"price":84.5,"quantity":0.08,"timestamp":1772552700737},{"is_buyer_maker":false,"price":84.51,"quantity":29.07,"timestamp":1772552700737},{"is_buyer_maker":true,"price":84.5,"quantity":0.08,"timestamp":1772552700737},{"is_buyer_maker":false,"price":84.51,"quantity":29.07,"timestamp":1772552700737},{"is_buyer_maker":true,"price":84.5,"quantity":0.08,"timestamp":1772552700737},{"is_buyer_maker":false,"price":84.51,"quantity":29.07,"timestamp":1772552700737},{"is_buyer_maker":true,"price":84.5,"quantity":0.08,"timestamp":1772552700737},{"is_buyer_maker":false,"price":84.51,"quantity":29.07,"timestamp":1772552700737},{"is_buyer_maker":true,"price":84.5,"quantity":0.08,"timestamp":1772552700737},{"is_buyer_maker":false,"price":84.51,"quantity":29.07,"timestamp":1772552700737},{"is_buyer_maker":true,"price":84.5,"quantity":0.08,"timestamp":1772552700737},{"is_buyer_maker":false,"price":84.51,"quantity":29.07,"timestamp":1772552700737},{"is_buyer_maker":true,"price":84.5,"quantity":0.08,"timestamp":1772552700737},{"is_buyer_maker":false,"price":84.51,"quantity":29.07,"timestamp":1772552700737},{"is_buyer_maker":true,"price":84.5,"quantity":0.08,"timestamp":1772552700737},{"is_buyer_maker":false,"price":84.51,"quantity":29.07,"timestamp":1772552700737},{"is_buyer_maker":true,"price":84.5,"quantity":0.08,"timestamp":1772552700737},{"is_buyer_maker":false,"price":84.51,"quantity":29.07,"timestamp":1772552700737},{"is_buyer_maker":true,"price":84.5,"quantity":240.86,"timestamp":1772552700774},{"is_buyer_maker":true,"price":84.5,"quantity":13.05,"timestamp":1772552700940},{"is_buyer_maker":false,"price":84.51,"quantity":0.15,"timestamp":1772552701010},{"is_buyer_maker":true,"price":84.5,"quantity":80.52,"timestamp":1772552701065},{"is_buyer_maker":false,"price":84.51,"quantity":143.52,"timestamp":1772552701158},{"is_buyer_maker":true,"price":84.51,"quantity":0.12,"timestamp":1772552701541},{"is_buyer_maker":false,"price":84.52,"quantity":187.67,"timestamp":1772552701618},{"is_buyer_maker":true,"price":84.52,"quantity":0.08,"timestamp":1772552701624},{"is_buyer_maker":true,"price":84.52,"quantity":0.31,"timestamp":1772552701763},{"is_buyer_maker":true,"price":84.52,"quantity":2.45,"timestamp":1772552702203},{"is_buyer_maker":false,"price":84.53,"quantity":0.11,"timestamp":1772552702346},{"is_buyer_maker":true,"price":84.52,"quantity":1.2,"timestamp":1772552702451},{"is_buyer_maker":false,"price":84.53,"quantity":37.55,"timestamp":1772552702554},{"is_buyer_maker":false,"price":84.54,"quantity":181.19,"timestamp":1772552702689},{"is_buyer_maker":true,"price":84.54,"quantity":0.08,"timestamp":1772552702691},{"is_buyer_maker":false,"price":84.55,"quantity":15.3,"timestamp":1772552702694},{"is_buyer_maker":true,"price":84.54,"quantity":0.04,"timestamp":1772552702745},{"is_buyer_maker":false,"price":84.55,"quantity":199.58,"timestamp":1772552702870},{"is_buyer_maker":true,"price":84.55,"quantity":1.8,"timestamp":1772552702891},{"is_buyer_maker":false,"price":84.56,"quantity":119.25,"timestamp":1772552702944},{"is_buyer_maker":false,"price":84.56,"quantity":127.48,"timestamp":1772552703049},{"is_buyer_maker":false,"price":84.57,"quantity":0.08,"timestamp":1772552703182},{"is_buyer_maker":true,"price":84.56,"quantity":1.0,"timestamp":1772552703204},{"is_buyer_maker":false,"price":84.57,"quantity":249.58,"timestamp":1772552703284},{"is_buyer_maker":true,"price":84.56,"quantity":219.21,"timestamp":1772552703384},{"is_buyer_maker":false,"price":84.56,"quantity":324.67,"timestamp":1772552703488},{"is_buyer_maker":false,"price":84.57,"quantity":4.72,"timestamp":1772552703505},{"is_buyer_maker":false,"price":84.57,"quantity":34.98,"timestamp":1772552703714},{"is_buyer_maker":true,"price":84.56,"quantity":0.3,"timestamp":1772552703925},{"is_buyer_maker":false,"price":84.57,"quantity":0.43,"timestamp":1772552704020},{"is_buyer_maker":true,"price":84.56,"quantity":39.1,"timestamp":1772552704048},{"is_buyer_maker":true,"price":84.55,"quantity":39.45,"timestamp":1772552704063},{"is_buyer_maker":false,"price":84.55,"quantity":1.36,"timestamp":1772552704129},{"is_buyer_maker":false,"price":84.55,"quantity":460.35,"timestamp":1772552704279},{"is_buyer_maker":true,"price":84.55,"quantity":0.1,"timestamp":1772552704404},{"is_buyer_maker":false,"price":84.56,"quantity":267.62,"timestamp":1772552704494},{"is_buyer_maker":true,"price":84.55,"quantity":2.48,"timestamp":1772552704577},{"is_buyer_maker":false,"price":84.56,"quantity":0.33,"timestamp":1772552704636},{"is_buyer_maker":true,"price":84.55,"quantity":2.96,"timestamp":1772552704703},{"is_buyer_maker":false,"price":84.56,"quantity":17.55,"timestamp":1772552704721},{"is_buyer_maker":false,"price":84.57,"quantity":44.38,"timestamp":1772552704739},{"is_buyer_maker":false,"price":84.58,"quantity":13.95,"timestamp":1772552704870},{"is_buyer_maker":true,"price":84.57,"quantity":7.87,"timestamp":1772552704924},{"is_buyer_maker":false,"price":84.57,"quantity":589.19,"timestamp":1772552704970},{"is_buyer_maker":false,"price":84.58,"quantity":276.28,"timestamp":1772552704984},{"is_buyer_maker":false,"price":84.59,"quantity":49.81,"timestamp":1772552704995},{"is_buyer_maker":true,"price":84.58,"quantity":1.44,"timestamp":1772552705068},{"is_buyer_maker":false,"price":84.59,"quantity":1.71,"timestamp":1772552705078},{"is_buyer_maker":true,"price":84.59,"quantity":5.91,"timestamp":1772552705080},{"is_buyer_maker":false,"price":84.6,"quantity":38.9,"timestamp":1772552705090},{"is_buyer_maker":false,"price":84.6,"quantity":75.38,"timestamp":1772552705193},{"is_buyer_maker":true,"price":84.59,"quantity":1631.5,"timestamp":1772552705232},{"is_buyer_maker":false,"price":84.59,"quantity":0.41,"timestamp":1772552705238},{"is_buyer_maker":true,"price":84.58,"quantity":42.56,"timestamp":1772552705333},{"is_buyer_maker":false,"price":84.58,"quantity":38.74,"timestamp":1772552705451},{"is_buyer_maker":true,"price":84.57,"quantity":2.15,"timestamp":1772552705548},{"is_buyer_maker":false,"price":84.58,"quantity":22.1,"timestamp":1772552705646},{"is_buyer_maker":false,"price":84.59,"quantity":0.45,"timestamp":1772552705689},{"is_buyer_maker":true,"price":84.59,"quantity":133.79,"timestamp":1772552705738},{"is_buyer_maker":false,"price":84.59,"quantity":38.73,"timestamp":1772552705741},{"is_buyer_maker":true,"price":84.58,"quantity":23.13,"timestamp":1772552705976},{"is_buyer_maker":false,"price":84.58,"quantity":1.0,"timestamp":1772552706004},{"is_buyer_maker":true,"price":84.57,"quantity":39.09,"timestamp":1772552706027},{"is_buyer_maker":false,"price":84.57,"quantity":317.36,"timestamp":1772552706038},{"is_buyer_maker":true,"price":84.56,"quantity":67.45,"timestamp":1772552706169},{"is_buyer_maker":true,"price":84.55,"quantity":11.83,"timestamp":1772552706184},{"is_buyer_maker":false,"price":84.56,"quantity":1483.8,"timestamp":1772552706199},{"is_buyer_maker":true,"price":84.55,"quantity":7.23,"timestamp":1772552706278},{"is_buyer_maker":false,"price":84.56,"quantity":100.58,"timestamp":1772552706333},{"is_buyer_maker":false,"price":84.57,"quantity":17.31,"timestamp":1772552706583},{"is_buyer_maker":true,"price":84.56,"quantity":0.07,"timestamp":1772552706620},{"is_buyer_maker":false,"price":84.57,"quantity":32.45,"timestamp":1772552706697},{"is_buyer_maker":true,"price":84.56,"quantity":1.67,"timestamp":1772552706723},{"is_buyer_maker":false,"price":84.56,"quantity":1.12,"timestamp":1772552706731},{"is_buyer_maker":true,"price":84.55,"quantity":22.54,"timestamp":1772552706780},{"is_buyer_maker":false,"price":84.55,"quantity":22.88,"timestamp":1772552707067},{"is_buyer_maker":false,"price":84.56,"quantity":35.04,"timestamp":1772552707224},{"is_buyer_maker":false,"price":84.57,"quantity":28.09,"timestamp":1772552707285},{"is_buyer_maker":false,"price":84.58,"quantity":1.53,"timestamp":1772552707292},{"is_buyer_maker":true,"price":84.57,"quantity":254.03,"timestamp":1772552707310},{"is_buyer_maker":false,"price":84.57,"quantity":0.59,"timestamp":1772552707317},{"is_buyer_maker":true,"price":84.56,"quantity":38.79,"timestamp":1772552707330},{"is_buyer_maker":true,"price":84.55,"quantity":24.29,"timestamp":1772552707572},{"is_buyer_maker":false,"price":84.55,"quantity":21.72,"timestamp":1772552707688},{"is_buyer_maker":false,"price":84.55,"quantity":2.59,"timestamp":1772552707825},{"is_buyer_maker":true,"price":84.54,"quantity":81.56,"timestamp":1772552707981},{"is_buyer_maker":false,"price":84.54,"quantity":1.8,"timestamp":1772552708017},{"is_buyer_maker":false,"price":84.55,"quantity":11.53,"timestamp":1772552708099},{"is_buyer_maker":true,"price":84.54,"quantity":333.35,"timestamp":1772552708249},{"is_buyer_maker":true,"price":84.53,"quantity":1015.77,"timestamp":1772552708334},{"is_buyer_maker":true,"price":84.52,"quantity":592.76,"timestamp":1772552708334},{"is_buyer_maker":true,"price":84.53,"quantity":1015.77,"timestamp":1772552708334},{"is_buyer_maker":true,"price":84.52,"quantity":592.76,"timestamp":1772552708334},{"is_buyer_maker":true,"price":84.53,"quantity":1015.77,"timestamp":1772552708334},{"is_buyer_maker":true,"price":84.52,"quantity":592.76,"timestamp":1772552708334},{"is_buyer_maker":true,"price":84.53,"quantity":1015.77,"timestamp":1772552708334},{"is_buyer_maker":true,"price":84.52,"quantity":592.76,"timestamp":1772552708334},{"is_buyer_maker":true,"price":84.53,"quantity":1015.77,"timestamp":1772552708334},{"is_buyer_maker":true,"price":84.52,"quantity":592.76,"timestamp":1772552708334},{"is_buyer_maker":true,"price":84.53,"quantity":1015.77,"timestamp":1772552708334},{"is_buyer_maker":true,"price":84.52,"quantity":592.76,"timestamp":1772552708334},{"is_buyer_maker":true,"price":84.53,"quantity":1015.77,"timestamp":1772552708334},{"is_buyer_maker":true,"price":84.52,"quantity":592.76,"timestamp":1772552708334},{"is_buyer_maker":true,"price":84.53,"quantity":1015.77,"timestamp":1772552708334},{"is_buyer_maker":true,"price":84.52,"quantity":592.76,"timestamp":1772552708334},{"is_buyer_maker":true,"price":84.53,"quantity":1015.77,"timestamp":1772552708334},{"is_buyer_maker":true,"price":84.52,"quantity":592.76,"timestamp":1772552708334},{"is_buyer_maker":true,"price":84.53,"quantity":1015.77,"timestamp":1772552708334},{"is_buyer_maker":true,"price":84.52,"quantity":592.76,"timestamp":1772552708334},{"is_buyer_maker":true,"price":84.53,"quantity":1015.77,"timestamp":1772552708334},{"is_buyer_maker":true,"price":84.52,"quantity":592.76,"timestamp":1772552708334},{"is_buyer_maker":true,"price":84.53,"quantity":1015.77,"timestamp":1772552708334},{"is_buyer_maker":true,"price":84.52,"quantity":592.76,"timestamp":1772552708334},{"is_buyer_maker":true,"price":84.53,"quantity":1015.77,"timestamp":1772552708334},{"is_buyer_maker":true,"price":84.52,"quantity":592.76,"timestamp":1772552708334},{"is_buyer_maker":true,"price":84.53,"quantity":1015.77,"timestamp":1772552708334},{"is_buyer_maker":true,"price":84.52,"quantity":592.76,"timestamp":1772552708334},{"is_buyer_maker":true,"price":84.53,"quantity":1015.77,"timestamp":1772552708334},{"is_buyer_maker":true,"price":84.52,"quantity":592.76,"timestamp":1772552708334},{"is_buyer_maker":true,"price":84.53,"quantity":1015.77,"timestamp":1772552708334},{"is_buyer_maker":true,"price":84.52,"quantity":592.76,"timestamp":1772552708334},{"is_buyer_maker":true,"price":84.53,"quantity":1015.77,"timestamp":1772552708334},{"is_buyer_maker":true,"price":84.52,"quantity":592.76,"timestamp":1772552708334},{"is_buyer_maker":true,"price":84.51,"quantity":1969.13,"timestamp":1772552708335},{"is_buyer_maker":true,"price":84.5,"quantity":812.77,"timestamp":1772552708335},{"is_buyer_maker":true,"price":84.51,"quantity":1969.13,"timestamp":1772552708335},{"is_buyer_maker":true,"price":84.5,"quantity":812.77,"timestamp":1772552708335},{"is_buyer_maker":true,"price":84.51,"quantity":1969.13,"timestamp":1772552708335},{"is_buyer_maker":true,"price":84.5,"quantity":812.77,"timestamp":1772552708335},{"is_buyer_maker":true,"price":84.51,"quantity":1969.13,"timestamp":1772552708335},{"is_buyer_maker":true,"price":84.5,"quantity":812.77,"timestamp":1772552708335},{"is_buyer_maker":true,"price":84.51,"quantity":1969.13,"timestamp":1772552708335},{"is_buyer_maker":true,"price":84.5,"quantity":812.77,"timestamp":1772552708335},{"is_buyer_maker":true,"price":84.51,"quantity":1969.13,"timestamp":1772552708335},{"is_buyer_maker":true,"price":84.5,"quantity":812.77,"timestamp":1772552708335},{"is_buyer_maker":true,"price":84.51,"quantity":1969.13,"timestamp":1772552708335},{"is_buyer_maker":true,"price":84.5,"quantity":812.77,"timestamp":1772552708335},{"is_buyer_maker":true,"price":84.51,"quantity":1969.13,"timestamp":1772552708335},{"is_buyer_maker":true,"price":84.5,"quantity":812.77,"timestamp":1772552708335},{"is_buyer_maker":true,"price":84.51,"quantity":1969.13,"timestamp":1772552708335},{"is_buyer_maker":true,"price":84.5,"quantity":812.77,"timestamp":1772552708335},{"is_buyer_maker":true,"price":84.51,"quantity":1969.13,"timestamp":1772552708335},{"is_buyer_maker":true,"price":84.5,"quantity":812.77,"timestamp":1772552708335},{"is_buyer_maker":true,"price":84.51,"quantity":1969.13,"timestamp":1772552708335},{"is_buyer_maker":true,"price":84.5,"quantity":812.77,"timestamp":1772552708335},{"is_buyer_maker":true,"price":84.51,"quantity":1969.13,"timestamp":1772552708335},{"is_buyer_maker":true,"price":84.5,"quantity":812.77,"timestamp":1772552708335},{"is_buyer_maker":true,"price":84.51,"quantity":1969.13,"timestamp":1772552708335},{"is_buyer_maker":true,"price":84.5,"quantity":812.77,"timestamp":1772552708335},{"is_buyer_maker":true,"price":84.51,"quantity":1969.13,"timestamp":1772552708335},{"is_buyer_maker":true,"price":84.5,"quantity":812.77,"timestamp":1772552708335},{"is_buyer_maker":true,"price":84.51,"quantity":1969.13,"timestamp":1772552708335},{"is_buyer_maker":true,"price":84.5,"quantity":812.77,"timestamp":1772552708335},{"is_buyer_maker":true,"price":84.51,"quantity":1969.13,"timestamp":1772552708335},{"is_buyer_maker":true,"price":84.5,"quantity":812.77,"timestamp":1772552708335},{"is_buyer_maker":true,"price":84.51,"quantity":1969.13,"timestamp":1772552708335},{"is_buyer_maker":true,"price":84.5,"quantity":812.77,"timestamp":1772552708335},{"is_buyer_maker":false,"price":84.53,"quantity":0.08,"timestamp":1772552708336},{"is_buyer_maker":true,"price":84.52,"quantity":0.39,"timestamp":1772552708340},{"is_buyer_maker":true,"price":84.51,"quantity":9.69,"timestamp":1772552708341},{"is_buyer_maker":false,"price":84.52,"quantity":0.32,"timestamp":1772552708360},{"is_buyer_maker":true,"price":84.52,"quantity":0.24,"timestamp":1772552708397},{"is_buyer_maker":false,"price":84.52,"quantity":45.29,"timestamp":1772552708463},{"is_buyer_maker":false,"price":84.53,"quantity":8.44,"timestamp":1772552708500},{"is_buyer_maker":true,"price":84.52,"quantity":80.0,"timestamp":1772552708530},{"is_buyer_maker":false,"price":84.53,"quantity":167.29,"timestamp":1772552708696},{"is_buyer_maker":false,"price":84.54,"quantity":6.53,"timestamp":1772552708787},{"is_buyer_maker":true,"price":84.54,"quantity":11.85,"timestamp":1772552708890},{"is_buyer_maker":true,"price":84.54,"quantity":57.65,"timestamp":1772552709006},{"is_buyer_maker":false,"price":84.54,"quantity":1.18,"timestamp":1772552709037},{"is_buyer_maker":true,"price":84.53,"quantity":5.33,"timestamp":1772552709105},{"is_buyer_maker":true,"price":84.52,"quantity":0.2,"timestamp":1772552709192},{"is_buyer_maker":false,"price":84.53,"quantity":16.34,"timestamp":1772552709266},{"is_buyer_maker":false,"price":84.54,"quantity":6.49,"timestamp":1772552709356},{"is_buyer_maker":false,"price":84.55,"quantity":33.3,"timestamp":1772552709518},{"is_buyer_maker":false,"price":84.55,"quantity":16.84,"timestamp":1772552709739},{"is_buyer_maker":true,"price":84.54,"quantity":1.77,"timestamp":1772552709780},{"is_buyer_maker":false,"price":84.55,"quantity":0.51,"timestamp":1772552709898},{"is_buyer_maker":true,"price":84.54,"quantity":52.11,"timestamp":1772552709939},{"is_buyer_maker":true,"price":84.53,"quantity":1.9,"timestamp":1772552709941},{"is_buyer_maker":false,"price":84.54,"quantity":1.5,"timestamp":1772552709961},{"is_buyer_maker":true,"price":84.53,"quantity":18.55,"timestamp":1772552710035},{"is_buyer_maker":true,"price":84.52,"quantity":6.41,"timestamp":1772552710125},{"is_buyer_maker":true,"price":84.51,"quantity":48.93,"timestamp":1772552710176},{"is_buyer_maker":true,"price":84.5,"quantity":2.22,"timestamp":1772552710347},{"is_buyer_maker":false,"price":84.51,"quantity":25.91,"timestamp":1772552710364},{"is_buyer_maker":true,"price":84.5,"quantity":2.0,"timestamp":1772552710504},{"is_buyer_maker":false,"price":84.51,"quantity":128.0,"timestamp":1772552710567},{"is_buyer_maker":true,"price":84.5,"quantity":0.12,"timestamp":1772552710714},{"is_buyer_maker":false,"price":84.51,"quantity":353.96,"timestamp":1772552710874},{"is_buyer_maker":false,"price":84.52,"quantity":4.14,"timestamp":1772552710905},{"is_buyer_maker":true,"price":84.51,"quantity":87.86,"timestamp":1772552710906},{"is_buyer_maker":false,"price":84.52,"quantity":0.16,"timestamp":1772552711024},{"is_buyer_maker":true,"price":84.51,"quantity":54.12,"timestamp":1772552711089},{"is_buyer_maker":false,"price":84.52,"quantity":2.0,"timestamp":1772552711211},{"is_buyer_maker":false,"price":84.53,"quantity":8.77,"timestamp":1772552711321},{"is_buyer_maker":true,"price":84.53,"quantity":2.36,"timestamp":1772552711345},{"is_buyer_maker":false,"price":84.54,"quantity":1.53,"timestamp":1772552711350},{"is_buyer_maker":true,"price":84.53,"quantity":10.13,"timestamp":1772552711357},{"is_buyer_maker":false,"price":84.54,"quantity":0.64,"timestamp":1772552711434},{"is_buyer_maker":false,"price":84.54,"quantity":56.85,"timestamp":1772552711614},{"is_buyer_maker":true,"price":84.53,"quantity":5.18,"timestamp":1772552711971},{"is_buyer_maker":false,"price":84.54,"quantity":50.88,"timestamp":1772552712090},{"is_buyer_maker":false,"price":84.55,"quantity":6.61,"timestamp":1772552712203},{"is_buyer_maker":true,"price":84.55,"quantity":5.98,"timestamp":1772552712245},{"is_buyer_maker":true,"price":84.55,"quantity":0.04,"timestamp":1772552712551},{"is_buyer_maker":false,"price":84.56,"quantity":4.34,"timestamp":1772552712625},{"is_buyer_maker":false,"price":84.57,"quantity":1.53,"timestamp":1772552712628},{"is_buyer_maker":true,"price":84.56,"quantity":32.02,"timestamp":1772552712746},{"is_buyer_maker":true,"price":84.56,"quantity":56.29,"timestamp":1772552712922},{"is_buyer_maker":true,"price":84.55,"quantity":7.22,"timestamp":1772552712938},{"is_buyer_maker":false,"price":84.55,"quantity":1.0,"timestamp":1772552713012},{"is_buyer_maker":true,"price":84.54,"quantity":62.5,"timestamp":1772552713022},{"is_buyer_maker":false,"price":84.54,"quantity":11.81,"timestamp":1772552713040},{"is_buyer_maker":true,"price":84.53,"quantity":28.21,"timestamp":1772552713084},{"is_buyer_maker":false,"price":84.53,"quantity":10.0,"timestamp":1772552713177},{"is_buyer_maker":false,"price":84.53,"quantity":30.14,"timestamp":1772552713697},{"is_buyer_maker":false,"price":84.53,"quantity":11.73,"timestamp":1772552713858},{"is_buyer_maker":true,"price":84.52,"quantity":44.2,"timestamp":1772552713873},{"is_buyer_maker":false,"price":84.52,"quantity":14.19,"timestamp":1772552714049},{"is_buyer_maker":true,"price":84.51,"quantity":2.37,"timestamp":1772552714217},{"is_buyer_maker":false,"price":84.52,"quantity":15.79,"timestamp":1772552714286},{"is_buyer_maker":false,"price":84.52,"quantity":31.94,"timestamp":1772552714732},{"is_buyer_maker":false,"price":84.52,"quantity":102.55,"timestamp":1772552714932},{"is_buyer_maker":false,"price":84.53,"quantity":3.65,"timestamp":1772552714968},{"is_buyer_maker":false,"price":84.54,"quantity":1.53,"timestamp":1772552714978},{"is_buyer_maker":false,"price":84.54,"quantity":5.91,"timestamp":1772552715352},{"is_buyer_maker":true,"price":84.53,"quantity":54.92,"timestamp":1772552715490},{"is_buyer_maker":false,"price":84.53,"quantity":233.42,"timestamp":1772552715621},{"is_buyer_maker":false,"price":84.54,"quantity":160.22,"timestamp":1772552715629},{"is_buyer_maker":false,"price":84.55,"quantity":111.99,"timestamp":1772552715647},{"is_buyer_maker":false,"price":84.56,"quantity":47.23,"timestamp":1772552715773},{"is_buyer_maker":false,"price":84.56,"quantity":79.25,"timestamp":1772552715889},{"is_buyer_maker":true,"price":84.56,"quantity":104.6,"timestamp":1772552716016},{"is_buyer_maker":false,"price":84.56,"quantity":32.19,"timestamp":1772552716030},{"is_buyer_maker":true,"price":84.55,"quantity":11.44,"timestamp":1772552716087},{"is_buyer_maker":true,"price":84.54,"quantity":25.64,"timestamp":1772552716174},{"is_buyer_maker":false,"price":84.54,"quantity":26.65,"timestamp":1772552716350},{"is_buyer_maker":false,"price":84.55,"quantity":1.93,"timestamp":1772552716385},{"is_buyer_maker":false,"price":84.56,"quantity":116.57,"timestamp":1772552716556},{"is_buyer_maker":false,"price":84.57,"quantity":0.07,"timestamp":1772552716649},{"is_buyer_maker":true,"price":84.56,"quantity":0.06,"timestamp":1772552716687},{"is_buyer_maker":false,"price":84.57,"quantity":6.57,"timestamp":1772552716691},{"is_buyer_maker":false,"price":84.58,"quantity":13.93,"timestamp":1772552716831},{"is_buyer_maker":true,"price":84.57,"quantity":65.67,"timestamp":1772552716954},{"is_buyer_maker":false,"price":84.57,"quantity":0.08,"timestamp":1772552716996},{"is_buyer_maker":true,"price":84.56,"quantity":64.97,"timestamp":1772552717104},{"is_buyer_maker":false,"price":84.56,"quantity":1.5,"timestamp":1772552717200},{"is_buyer_maker":true,"price":84.55,"quantity":2.36,"timestamp":1772552717371},{"is_buyer_maker":false,"price":84.56,"quantity":22.55,"timestamp":1772552717372},{"is_buyer_maker":true,"price":84.55,"quantity":9.29,"timestamp":1772552717411},{"is_buyer_maker":false,"price":84.56,"quantity":87.84,"timestamp":1772552717567},{"is_buyer_maker":true,"price":84.56,"quantity":0.11,"timestamp":1772552717600},{"is_buyer_maker":false,"price":84.57,"quantity":2.17,"timestamp":1772552717722},{"is_buyer_maker":true,"price":84.56,"quantity":5.53,"timestamp":1772552717778},{"is_buyer_maker":false,"price":84.57,"quantity":1.88,"timestamp":1772552717826},{"is_buyer_maker":true,"price":84.56,"quantity":90.57,"timestamp":1772552717965},{"is_buyer_maker":true,"price":84.55,"quantity":20.87,"timestamp":1772552718021},{"is_buyer_maker":false,"price":84.55,"quantity":0.8,"timestamp":1772552718115},{"is_buyer_maker":false,"price":84.56,"quantity":53.37,"timestamp":1772552718156},{"is_buyer_maker":false,"price":84.57,"quantity":1.38,"timestamp":1772552718215},{"is_buyer_maker":true,"price":84.56,"quantity":1.12,"timestamp":1772552718291},{"is_buyer_maker":false,"price":84.57,"quantity":0.18,"timestamp":1772552718306},{"is_buyer_maker":true,"price":84.56,"quantity":1202.81,"timestamp":1772552718367},{"is_buyer_maker":false,"price":84.56,"quantity":73.25,"timestamp":1772552718395},{"is_buyer_maker":true,"price":84.55,"quantity":12.63,"timestamp":1772552718501},{"is_buyer_maker":true,"price":84.54,"quantity":0.4,"timestamp":1772552718511},{"is_buyer_maker":true,"price":84.54,"quantity":5.07,"timestamp":1772552718647},{"is_buyer_maker":true,"price":84.54,"quantity":18.92,"timestamp":1772552718754},{"is_buyer_maker":false,"price":84.55,"quantity":6.09,"timestamp":1772552718773},{"is_buyer_maker":true,"price":84.54,"quantity":6.54,"timestamp":1772552719075},{"is_buyer_maker":false,"price":84.54,"quantity":4.36,"timestamp":1772552719075},{"is_buyer_maker":true,"price":84.54,"quantity":6.54,"timestamp":1772552719075},{"is_buyer_maker":false,"price":84.54,"quantity":4.36,"timestamp":1772552719075},{"is_buyer_maker":true,"price":84.54,"quantity":6.54,"timestamp":1772552719075},{"is_buyer_maker":false,"price":84.54,"quantity":4.36,"timestamp":1772552719075},{"is_buyer_maker":true,"price":84.54,"quantity":6.54,"timestamp":1772552719075},{"is_buyer_maker":false,"price":84.54,"quantity":4.36,"timestamp":1772552719075},{"is_buyer_maker":true,"price":84.54,"quantity":6.54,"timestamp":1772552719075},{"is_buyer_maker":false,"price":84.54,"quantity":4.36,"timestamp":1772552719075},{"is_buyer_maker":true,"price":84.54,"quantity":6.54,"timestamp":1772552719075},{"is_buyer_maker":false,"price":84.54,"quantity":4.36,"timestamp":1772552719075},{"is_buyer_maker":true,"price":84.54,"quantity":6.54,"timestamp":1772552719075},{"is_buyer_maker":false,"price":84.54,"quantity":4.36,"timestamp":1772552719075},{"is_buyer_maker":true,"price":84.54,"quantity":6.54,"timestamp":1772552719075},{"is_buyer_maker":false,"price":84.54,"quantity":4.36,"timestamp":1772552719075},{"is_buyer_maker":true,"price":84.54,"quantity":6.54,"timestamp":1772552719075},{"is_buyer_maker":false,"price":84.54,"quantity":4.36,"timestamp":1772552719075},{"is_buyer_maker":true,"price":84.54,"quantity":6.54,"timestamp":1772552719075},{"is_buyer_maker":false,"price":84.54,"quantity":4.36,"timestamp":1772552719075},{"is_buyer_maker":true,"price":84.54,"quantity":6.54,"timestamp":1772552719075},{"is_buyer_maker":false,"price":84.54,"quantity":4.36,"timestamp":1772552719075},{"is_buyer_maker":true,"price":84.54,"quantity":6.54,"timestamp":1772552719075},{"is_buyer_maker":false,"price":84.54,"quantity":4.36,"timestamp":1772552719075},{"is_buyer_maker":true,"price":84.54,"quantity":6.54,"timestamp":1772552719075},{"is_buyer_maker":false,"price":84.54,"quantity":4.36,"timestamp":1772552719075},{"is_buyer_maker":true,"price":84.54,"quantity":6.54,"timestamp":1772552719075},{"is_buyer_maker":false,"price":84.54,"quantity":4.36,"timestamp":1772552719075},{"is_buyer_maker":true,"price":84.54,"quantity":6.54,"timestamp":1772552719075},{"is_buyer_maker":false,"price":84.54,"quantity":4.36,"timestamp":1772552719075},{"is_buyer_maker":true,"price":84.54,"quantity":6.54,"timestamp":1772552719075},{"is_buyer_maker":false,"price":84.54,"quantity":4.36,"timestamp":1772552719075},{"is_buyer_maker":true,"price":84.54,"quantity":6.54,"timestamp":1772552719075},{"is_buyer_maker":false,"price":84.54,"quantity":4.36,"timestamp":1772552719075},{"is_buyer_maker":true,"price":84.53,"quantity":12.82,"timestamp":1772552719202},{"is_buyer_maker":false,"price":84.54,"quantity":0.77,"timestamp":1772552719227},{"is_buyer_maker":true,"price":84.54,"quantity":21.18,"timestamp":1772552719434},{"is_buyer_maker":false,"price":84.55,"quantity":3.82,"timestamp":1772552719696},{"is_buyer_maker":false,"price":84.55,"quantity":35.17,"timestamp":1772552719825},{"is_buyer_maker":true,"price":84.55,"quantity":0.18,"timestamp":1772552719919},{"is_buyer_maker":false,"price":84.56,"quantity":3.02,"timestamp":1772552719974},{"is_buyer_maker":true,"price":84.55,"quantity":0.64,"timestamp":1772552720114},{"is_buyer_maker":false,"price":84.56,"quantity":1.3,"timestamp":1772552720268},{"is_buyer_maker":true,"price":84.55,"quantity":32.82,"timestamp":1772552720320},{"is_buyer_maker":false,"price":84.55,"quantity":0.07,"timestamp":1772552720515},{"is_buyer_maker":true,"price":84.54,"quantity":30.11,"timestamp":1772552720522},{"is_buyer_maker":true,"price":84.54,"quantity":1.86,"timestamp":1772552720759},{"is_buyer_maker":false,"price":84.55,"quantity":1.12,"timestamp":1772552720888},{"is_buyer_maker":true,"price":84.54,"quantity":31.11,"timestamp":1772552721207},{"is_buyer_maker":false,"price":84.54,"quantity":200.0,"timestamp":1772552721379},{"is_buyer_maker":true,"price":84.53,"quantity":37.3,"timestamp":1772552721500},{"is_buyer_maker":false,"price":84.53,"quantity":16.55,"timestamp":1772552721813},{"is_buyer_maker":false,"price":84.54,"quantity":3.8,"timestamp":1772552721833},{"is_buyer_maker":true,"price":84.54,"quantity":1.15,"timestamp":1772552721845},{"is_buyer_maker":false,"price":84.55,"quantity":32.41,"timestamp":1772552721896},{"is_buyer_maker":false,"price":84.56,"quantity":71.06,"timestamp":1772552722014},{"is_buyer_maker":false,"price":84.56,"quantity":36.0,"timestamp":1772552722563},{"is_buyer_maker":true,"price":84.55,"quantity":0.5,"timestamp":1772552722679},{"is_buyer_maker":false,"price":84.56,"quantity":3.72,"timestamp":1772552722683},{"is_buyer_maker":true,"price":84.55,"quantity":1.0,"timestamp":1772552722698},{"is_buyer_maker":false,"price":84.56,"quantity":109.16,"timestamp":1772552722962},{"is_buyer_maker":false,"price":84.56,"quantity":17.72,"timestamp":1772552723177},{"is_buyer_maker":true,"price":84.55,"quantity":31.87,"timestamp":1772552723304},{"is_buyer_maker":false,"price":84.55,"quantity":20.12,"timestamp":1772552723353},{"is_buyer_maker":false,"price":84.55,"quantity":0.35,"timestamp":1772552723617},{"is_buyer_maker":false,"price":84.55,"quantity":4.42,"timestamp":1772552723742},{"is_buyer_maker":false,"price":84.55,"quantity":37.11,"timestamp":1772552724054},{"is_buyer_maker":false,"price":84.56,"quantity":51.38,"timestamp":1772552724302},{"is_buyer_maker":true,"price":84.56,"quantity":79.03,"timestamp":1772552724377},{"is_buyer_maker":true,"price":84.55,"quantity":10.93,"timestamp":1772552724502},{"is_buyer_maker":true,"price":84.54,"quantity":27.06,"timestamp":1772552724905},{"is_buyer_maker":true,"price":84.53,"quantity":1.9,"timestamp":1772552725024},{"is_buyer_maker":false,"price":84.54,"quantity":1.12,"timestamp":1772552725097},{"is_buyer_maker":true,"price":84.53,"quantity":0.22,"timestamp":1772552725151},{"is_buyer_maker":false,"price":84.54,"quantity":5.19,"timestamp":1772552725261},{"is_buyer_maker":false,"price":84.54,"quantity":14.62,"timestamp":1772552725531},{"is_buyer_maker":true,"price":84.54,"quantity":52.91,"timestamp":1772552725736},{"is_buyer_maker":false,"price":84.55,"quantity":7.07,"timestamp":1772552725847},{"is_buyer_maker":true,"price":84.55,"quantity":31.29,"timestamp":1772552726215},{"is_buyer_maker":false,"price":84.56,"quantity":5.91,"timestamp":1772552726215},{"is_buyer_maker":true,"price":84.55,"quantity":31.29,"timestamp":1772552726215},{"is_buyer_maker":false,"price":84.56,"quantity":5.91,"timestamp":1772552726215},{"is_buyer_maker":true,"price":84.55,"quantity":31.29,"timestamp":1772552726215},{"is_buyer_maker":false,"price":84.56,"quantity":5.91,"timestamp":1772552726215},{"is_buyer_maker":true,"price":84.55,"quantity":31.29,"timestamp":1772552726215},{"is_buyer_maker":false,"price":84.56,"quantity":5.91,"timestamp":1772552726215},{"is_buyer_maker":true,"price":84.55,"quantity":31.29,"timestamp":1772552726215},{"is_buyer_maker":false,"price":84.56,"quantity":5.91,"timestamp":1772552726215},{"is_buyer_maker":true,"price":84.55,"quantity":31.29,"timestamp":1772552726215},{"is_buyer_maker":false,"price":84.56,"quantity":5.91,"timestamp":1772552726215},{"is_buyer_maker":true,"price":84.55,"quantity":31.29,"timestamp":1772552726215},{"is_buyer_maker":false,"price":84.56,"quantity":5.91,"timestamp":1772552726215},{"is_buyer_maker":true,"price":84.55,"quantity":31.29,"timestamp":1772552726215},{"is_buyer_maker":false,"price":84.56,"quantity":5.91,"timestamp":1772552726215},{"is_buyer_maker":true,"price":84.55,"quantity":31.29,"timestamp":1772552726215},{"is_buyer_maker":false,"price":84.56,"quantity":5.91,"timestamp":1772552726215},{"is_buyer_maker":true,"price":84.55,"quantity":31.29,"timestamp":1772552726215},{"is_buyer_maker":false,"price":84.56,"quantity":5.91,"timestamp":1772552726215},{"is_buyer_maker":true,"price":84.55,"quantity":31.29,"timestamp":1772552726215},{"is_buyer_maker":false,"price":84.56,"quantity":5.91,"timestamp":1772552726215},{"is_buyer_maker":true,"price":84.55,"quantity":31.29,"timestamp":1772552726215}