{"exchange":"binance","symbol":"XRPUSDT","last_updated":1772553234754,"trades":[{"is_buyer_maker":true,"price":1.3557,"quantity":1371.3,"timestamp":1772552637143},{"is_buyer_maker":true,"price":1.3557,"quantity":23.2,"timestamp":1772552637339},{"is_buyer_maker":true,"price":1.3557,"quantity":376.6,"timestamp":1772552637492},{"is_buyer_maker":false,"price":1.3557,"quantity":3.9,"timestamp":1772552637505},{"is_buyer_maker":false,"price":1.3557,"quantity":1.0,"timestamp":1772552637616},{"is_buyer_maker":false,"price":1.3557,"quantity":7.5,"timestamp":1772552637757},{"is_buyer_maker":true,"price":1.3556,"quantity":653.6,"timestamp":1772552637853},{"is_buyer_maker":false,"price":1.3557,"quantity":628.3,"timestamp":1772552638257},{"is_buyer_maker":true,"price":1.3556,"quantity":428.0,"timestamp":1772552638450},{"is_buyer_maker":true,"price":1.3556,"quantity":101.6,"timestamp":1772552638553},{"is_buyer_maker":false,"price":1.3557,"quantity":1.0,"timestamp":1772552638627},{"is_buyer_maker":true,"price":1.3556,"quantity":8.4,"timestamp":1772552639052},{"is_buyer_maker":true,"price":1.3556,"quantity":90.6,"timestamp":1772552639434},{"is_buyer_maker":false,"price":1.3557,"quantity":1.0,"timestamp":1772552639534},{"is_buyer_maker":true,"price":1.3556,"quantity":1247.0,"timestamp":1772552639617},{"is_buyer_maker":false,"price":1.3557,"quantity":17.4,"timestamp":1772552639688},{"is_buyer_maker":true,"price":1.3556,"quantity":20.3,"timestamp":1772552639724},{"is_buyer_maker":true,"price":1.3555,"quantity":2197.2,"timestamp":1772552639837},{"is_buyer_maker":false,"price":1.3555,"quantity":4062.9,"timestamp":1772552640010},{"is_buyer_maker":false,"price":1.3556,"quantity":48.5,"timestamp":1772552640074},{"is_buyer_maker":false,"price":1.3557,"quantity":2338.0,"timestamp":1772552640095},{"is_buyer_maker":false,"price":1.3558,"quantity":1.0,"timestamp":1772552640224},{"is_buyer_maker":true,"price":1.3557,"quantity":8778.1,"timestamp":1772552640312},{"is_buyer_maker":false,"price":1.3557,"quantity":1.0,"timestamp":1772552640337},{"is_buyer_maker":true,"price":1.3556,"quantity":52.2,"timestamp":1772552640351},{"is_buyer_maker":true,"price":1.3555,"quantity":14.0,"timestamp":1772552640578},{"is_buyer_maker":true,"price":1.3555,"quantity":668.7,"timestamp":1772552640836},{"is_buyer_maker":true,"price":1.3555,"quantity":1036.5,"timestamp":1772552641179},{"is_buyer_maker":true,"price":1.3554,"quantity":529.6,"timestamp":1772552641285},{"is_buyer_maker":true,"price":1.3554,"quantity":716.7,"timestamp":1772552641430},{"is_buyer_maker":true,"price":1.3554,"quantity":91.7,"timestamp":1772552641599},{"is_buyer_maker":false,"price":1.3555,"quantity":19898.7,"timestamp":1772552641767},{"is_buyer_maker":true,"price":1.3555,"quantity":983.0,"timestamp":1772552641823},{"is_buyer_maker":false,"price":1.3556,"quantity":2706.2,"timestamp":1772552641871},{"is_buyer_maker":true,"price":1.3555,"quantity":297.0,"timestamp":1772552641936},{"is_buyer_maker":false,"price":1.3556,"quantity":495.2,"timestamp":1772552642081},{"is_buyer_maker":false,"price":1.3557,"quantity":964.7,"timestamp":1772552642081},{"is_buyer_maker":false,"price":1.3556,"quantity":495.2,"timestamp":1772552642081},{"is_buyer_maker":false,"price":1.3557,"quantity":964.7,"timestamp":1772552642081},{"is_buyer_maker":false,"price":1.3556,"quantity":495.2,"timestamp":1772552642081},{"is_buyer_maker":false,"price":1.3557,"quantity":964.7,"timestamp":1772552642081},{"is_buyer_maker":false,"price":1.3556,"quantity":495.2,"timestamp":1772552642081},{"is_buyer_maker":false,"price":1.3557,"quantity":964.7,"timestamp":1772552642081},{"is_buyer_maker":false,"price":1.3556,"quantity":495.2,"timestamp":1772552642081},{"is_buyer_maker":false,"price":1.3557,"quantity":964.7,"timestamp":1772552642081},{"is_buyer_maker":false,"price":1.3556,"quantity":495.2,"timestamp":1772552642081},{"is_buyer_maker":false,"price":1.3557,"quantity":964.7,"timestamp":1772552642081},{"is_buyer_maker":false,"price":1.3556,"quantity":495.2,"timestamp":1772552642081},{"is_buyer_maker":false,"price":1.3557,"quantity":964.7,"timestamp":1772552642081},{"is_buyer_maker":false,"price":1.3556,"quantity":495.2,"timestamp":1772552642081},{"is_buyer_maker":false,"price":1.3557,"quantity":964.7,"timestamp":1772552642081},{"is_buyer_maker":false,"price":1.3556,"quantity":495.2,"timestamp":1772552642081},{"is_buyer_maker":false,"price":1.3557,"quantity":964.7,"timestamp":1772552642081},{"is_buyer_maker":false,"price":1.3556,"quantity":495.2,"timestamp":1772552642081},{"is_buyer_maker":false,"price":1.3557,"quantity":964.7,"timestamp":1772552642081},{"is_buyer_maker":false,"price":1.3556,"quantity":495.2,"timestamp":1772552642081},{"is_buyer_maker":false,"price":1.3557,"quantity":964.7,"timestamp":1772552642081},{"is_buyer_maker":false,"price":1.3556,"quantity":495.2,"timestamp":1772552642081},{"is_buyer_maker":false,"price":1.3557,"quantity":964.7,"timestamp":1772552642081},{"is_buyer_maker":false,"price":1.3556,"quantity":495.2,"timestamp":1772552642081},{"is_buyer_maker":false,"price":1.3557,"quantity":964.7,"timestamp":1772552642081},{"is_buyer_maker":false,"price":1.3556,"quantity":495.2,"timestamp":1772552642081},{"is_buyer_maker":false,"price":1.3557,"quantity":964.7,"timestamp":1772552642081},{"is_buyer_maker":false,"price":1.3556,"quantity":495.2,"timestamp":1772552642081},{"is_buyer_maker":false,"price":1.3557,"quantity":964.7,"timestamp":1772552642081},{"is_buyer_maker":false,"price":1.3556,"quantity":495.2,"timestamp":1772552642081},{"is_buyer_maker":false,"price":1.3557,"quantity":964.7,"timestamp":1772552642081},{"is_buyer_maker":false,"price":1.3556,"quantity":495.2,"timestamp":1772552642081},{"is_buyer_maker":false,"price":1.3557,"quantity":964.7,"timestamp":1772552642081},{"is_buyer_maker":false,"price":1.3556,"quantity":495.2,"timestamp":1772552642081},{"is_buyer_maker":false,"price":1.3557,"quantity":964.7,"timestamp":1772552642081},{"is_buyer_maker":false,"price":1.3556,"quantity":495.2,"timestamp":1772552642081},{"is_buyer_maker":false,"price":1.3557,"quantity":964.7,"timestamp":1772552642081},{"is_buyer_maker":false,"price":1.3557,"quantity":384.7,"timestamp":1772552642225},{"is_buyer_maker":true,"price":1.3556,"quantity":57.7,"timestamp":1772552642231},{"is_buyer_maker":true,"price":1.3556,"quantity":263.4,"timestamp":1772552642475},{"is_buyer_maker":true,"price":1.3555,"quantity":423.0,"timestamp":1772552642491},{"is_buyer_maker":true,"price":1.3555,"quantity":2087.8,"timestamp":1772552642592},{"is_buyer_maker":false,"price":1.3556,"quantity":1.0,"timestamp":1772552642702},{"is_buyer_maker":true,"price":1.3555,"quantity":10.9,"timestamp":1772552642998},{"is_buyer_maker":true,"price":1.3554,"quantity":513.9,"timestamp":1772552643256},{"is_buyer_maker":true,"price":1.3554,"quantity":666.0,"timestamp":1772552643361},{"is_buyer_maker":false,"price":1.3555,"quantity":3902.9,"timestamp":1772552643421},{"is_buyer_maker":true,"price":1.3555,"quantity":40.6,"timestamp":1772552643507},{"is_buyer_maker":false,"price":1.3556,"quantity":234.5,"timestamp":1772552643517},{"is_buyer_maker":false,"price":1.3557,"quantity":1236.3,"timestamp":1772552643737},{"is_buyer_maker":true,"price":1.3557,"quantity":71.2,"timestamp":1772552643752},{"is_buyer_maker":false,"price":1.3558,"quantity":4261.0,"timestamp":1772552643757},{"is_buyer_maker":false,"price":1.3559,"quantity":1510.7,"timestamp":1772552643935},{"is_buyer_maker":false,"price":1.356,"quantity":644.5,"timestamp":1772552643935},{"is_buyer_maker":false,"price":1.3559,"quantity":1510.7,"timestamp":1772552643935},{"is_buyer_maker":false,"price":1.356,"quantity":644.5,"timestamp":1772552643935},{"is_buyer_maker":false,"price":1.3559,"quantity":1510.7,"timestamp":1772552643935},{"is_buyer_maker":false,"price":1.356,"quantity":644.5,"timestamp":1772552643935},{"is_buyer_maker":false,"price":1.3559,"quantity":1510.7,"timestamp":1772552643935},{"is_buyer_maker":false,"price":1.356,"quantity":644.5,"timestamp":1772552643935},{"is_buyer_maker":false,"price":1.3559,"quantity":1510.7,"timestamp":1772552643935},{"is_buyer_maker":false,"price":1.356,"quantity":644.5,"timestamp":1772552643935},{"is_buyer_maker":false,"price":1.3559,"quantity":1510.7,"timestamp":1772552643935},{"is_buyer_maker":false,"price":1.356,"quantity":644.5,"timestamp":1772552643935},{"is_buyer_maker":false,"price":1.3559,"quantity":1510.7,"timestamp":1772552643935},{"is_buyer_maker":false,"price":1.356,"quantity":644.5,"timestamp":1772552643935},{"is_buyer_maker":false,"price":1.3559,"quantity":1510.7,"timestamp":1772552643935},{"is_buyer_maker":false,"price":1.356,"quantity":644.5,"timestamp":1772552643935},{"is_buyer_maker":false,"price":1.3559,"quantity":1510.7,"timestamp":1772552643935},{"is_buyer_maker":false,"price":1.356,"quantity":644.5,"timestamp":1772552643935},{"is_buyer_maker":false,"price":1.3559,"quantity":1510.7,"timestamp":1772552643935},{"is_buyer_maker":false,"price":1.356,"quantity":644.5,"timestamp":1772552643935},{"is_buyer_maker":false,"price":1.3559,"quantity":1510.7,"timestamp":1772552643935},{"is_buyer_maker":false,"price":1.356,"quantity":644.5,"timestamp":1772552643935},{"is_buyer_maker":false,"price":1.3559,"quantity":1510.7,"timestamp":1772552643935},{"is_buyer_maker":false,"price":1.356,"quantity":644.5,"timestamp":1772552643935},{"is_buyer_maker":false,"price":1.3559,"quantity":1510.7,"timestamp":1772552643935},{"is_buyer_maker":false,"price":1.356,"quantity":644.5,"timestamp":1772552643935},{"is_buyer_maker":false,"price":1.3559,"quantity":1510.7,"timestamp":1772552643935},{"is_buyer_maker":false,"price":1.356,"quantity":644.5,"timestamp":1772552643935},{"is_buyer_maker":false,"price":1.3559,"quantity":1510.7,"timestamp":1772552643935},{"is_buyer_maker":false,"price":1.356,"quantity":644.5,"timestamp":1772552643935},{"is_buyer_maker":false,"price":1.3559,"quantity":1510.7,"timestamp":1772552643935},{"is_buyer_maker":false,"price":1.356,"quantity":644.5,"timestamp":1772552643935},{"is_buyer_maker":false,"price":1.3559,"quantity":1510.7,"timestamp":1772552643935},{"is_buyer_maker":false,"price":1.356,"quantity":644.5,"timestamp":1772552643935},{"is_buyer_maker":false,"price":1.3559,"quantity":1510.7,"timestamp":1772552643935},{"is_buyer_maker":false,"price":1.356,"quantity":644.5,"timestamp":1772552643935},{"is_buyer_maker":false,"price":1.3559,"quantity":1510.7,"timestamp":1772552643935},{"is_buyer_maker":false,"price":1.356,"quantity":644.5,"timestamp":1772552643935},{"is_buyer_maker":true,"price":1.3559,"quantity":54.3,"timestamp":1772552643939},{"is_buyer_maker":true,"price":1.3559,"quantity":6.9,"timestamp":1772552644181},{"is_buyer_maker":true,"price":1.3559,"quantity":8848.2,"timestamp":1772552644788},{"is_buyer_maker":false,"price":1.356,"quantity":2479.7,"timestamp":1772552644923},{"is_buyer_maker":false,"price":1.3561,"quantity":63.7,"timestamp":1772552644930},{"is_buyer_maker":false,"price":1.3562,"quantity":1574.5,"timestamp":1772552644930},{"is_buyer_maker":false,"price":1.3561,"quantity":63.7,"timestamp":1772552644930},{"is_buyer_maker":false,"price":1.3562,"quantity":1574.5,"timestamp":1772552644930},{"is_buyer_maker":false,"price":1.3561,"quantity":63.7,"timestamp":1772552644930},{"is_buyer_maker":false,"price":1.3562,"quantity":1574.5,"timestamp":1772552644930},{"is_buyer_maker":false,"price":1.3561,"quantity":63.7,"timestamp":1772552644930},{"is_buyer_maker":false,"price":1.3562,"quantity":1574.5,"timestamp":1772552644930},{"is_buyer_maker":false,"price":1.3561,"quantity":63.7,"timestamp":1772552644930},{"is_buyer_maker":false,"price":1.3562,"quantity":1574.5,"timestamp":1772552644930},{"is_buyer_maker":false,"price":1.3561,"quantity":63.7,"timestamp":1772552644930},{"is_buyer_maker":false,"price":1.3562,"quantity":1574.5,"timestamp":1772552644930},{"is_buyer_maker":false,"price":1.3561,"quantity":63.7,"timestamp":1772552644930},{"is_buyer_maker":false,"price":1.3562,"quantity":1574.5,"timestamp":1772552644930},{"is_buyer_maker":false,"price":1.3561,"quantity":63.7,"timestamp":1772552644930},{"is_buyer_maker":false,"price":1.3562,"quantity":1574.5,"timestamp":1772552644930},{"is_buyer_maker":false,"price":1.3561,"quantity":63.7,"timestamp":1772552644930},{"is_buyer_maker":false,"price":1.3562,"quantity":1574.5,"timestamp":1772552644930},{"is_buyer_maker":false,"price":1.3561,"quantity":63.7,"timestamp":1772552644930},{"is_buyer_maker":false,"price":1.3562,"quantity":1574.5,"timestamp":1772552644930},{"is_buyer_maker":false,"price":1.3561,"quantity":63.7,"timestamp":1772552644930},{"is_buyer_maker":false,"price":1.3562,"quantity":1574.5,"timestamp":1772552644930},{"is_buyer_maker":false,"price":1.3561,"quantity":63.7,"timestamp":1772552644930},{"is_buyer_maker":false,"price":1.3562,"quantity":1574.5,"timestamp":1772552644930},{"is_buyer_maker":false,"price":1.3561,"quantity":63.7,"timestamp":1772552644930},{"is_buyer_maker":false,"price":1.3562,"quantity":1574.5,"timestamp":1772552644930},{"is_buyer_maker":false,"price":1.3561,"quantity":63.7,"timestamp":1772552644930},{"is_buyer_maker":false,"price":1.3562,"quantity":1574.5,"timestamp":1772552644930},{"is_buyer_maker":false,"price":1.3561,"quantity":63.7,"timestamp":1772552644930},{"is_buyer_maker":false,"price":1.3562,"quantity":1574.5,"timestamp":1772552644930},{"is_buyer_maker":false,"price":1.3561,"quantity":63.7,"timestamp":1772552644930},{"is_buyer_maker":false,"price":1.3562,"quantity":1574.5,"timestamp":1772552644930},{"is_buyer_maker":false,"price":1.3561,"quantity":63.7,"timestamp":1772552644930},{"is_buyer_maker":false,"price":1.3562,"quantity":1574.5,"timestamp":1772552644930},{"is_buyer_maker":false,"price":1.3561,"quantity":63.7,"timestamp":1772552644930},{"is_buyer_maker":false,"price":1.3562,"quantity":1574.5,"timestamp":1772552644930},{"is_buyer_maker":false,"price":1.3561,"quantity":63.7,"timestamp":1772552644930},{"is_buyer_maker":false,"price":1.3562,"quantity":1574.5,"timestamp":1772552644930},{"is_buyer_maker":true,"price":1.3561,"quantity":5120.9,"timestamp":1772552644944},{"is_buyer_maker":true,"price":1.3561,"quantity":16705.4,"timestamp":1772552645085},{"is_buyer_maker":false,"price":1.3561,"quantity":5944.1,"timestamp":1772552645498},{"is_buyer_maker":false,"price":1.3562,"quantity":3976.8,"timestamp":1772552645518},{"is_buyer_maker":false,"price":1.3563,"quantity":3961.2,"timestamp":1772552645645},{"is_buyer_maker":true,"price":1.3563,"quantity":737.0,"timestamp":1772552645726},{"is_buyer_maker":false,"price":1.3564,"quantity":225.6,"timestamp":1772552645775},{"is_buyer_maker":false,"price":1.3564,"quantity":225.6,"timestamp":1772552645892},{"is_buyer_maker":true,"price":1.3563,"quantity":419.5,"timestamp":1772552646008},{"is_buyer_maker":true,"price":1.3562,"quantity":530.9,"timestamp":1772552646438},{"is_buyer_maker":false,"price":1.3563,"quantity":245.3,"timestamp":1772552646537},{"is_buyer_maker":false,"price":1.3564,"quantity":1299.9,"timestamp":1772552647209},{"is_buyer_maker":true,"price":1.3564,"quantity":1831.4,"timestamp":1772552647442},{"is_buyer_maker":true,"price":1.3563,"quantity":348.0,"timestamp":1772552647546},{"is_buyer_maker":true,"price":1.3562,"quantity":133.9,"timestamp":1772552647581},{"is_buyer_maker":false,"price":1.3562,"quantity":225.6,"timestamp":1772552647630},{"is_buyer_maker":false,"price":1.3562,"quantity":66.5,"timestamp":1772552648311},{"is_buyer_maker":false,"price":1.3562,"quantity":62.6,"timestamp":1772552648436},{"is_buyer_maker":true,"price":1.3561,"quantity":225.5,"timestamp":1772552648789},{"is_buyer_maker":true,"price":1.356,"quantity":306.4,"timestamp":1772552648912},{"is_buyer_maker":false,"price":1.356,"quantity":39.9,"timestamp":1772552649300},{"is_buyer_maker":true,"price":1.3559,"quantity":77.0,"timestamp":1772552649381},{"is_buyer_maker":true,"price":1.3559,"quantity":62.6,"timestamp":1772552649690},{"is_buyer_maker":true,"price":1.3559,"quantity":21.4,"timestamp":1772552650106},{"is_buyer_maker":false,"price":1.356,"quantity":1523.1,"timestamp":1772552650333},{"is_buyer_maker":true,"price":1.3559,"quantity":3279.3,"timestamp":1772552650339},{"is_buyer_maker":true,"price":1.3558,"quantity":868.1,"timestamp":1772552650615},{"is_buyer_maker":true,"price":1.3557,"quantity":39.1,"timestamp":1772552650622},{"is_buyer_maker":true,"price":1.3556,"quantity":13.4,"timestamp":1772552651106},{"is_buyer_maker":true,"price":1.3556,"quantity":226.0,"timestamp":1772552651285},{"is_buyer_maker":true,"price":1.3555,"quantity":67.5,"timestamp":1772552651285},{"is_buyer_maker":true,"price":1.3556,"quantity":226.0,"timestamp":1772552651285},{"is_buyer_maker":true,"price":1.3555,"quantity":67.5,"timestamp":1772552651285},{"is_buyer_maker":true,"price":1.3556,"quantity":226.0,"timestamp":1772552651285},{"is_buyer_maker":true,"price":1.3555,"quantity":67.5,"timestamp":1772552651285},{"is_buyer_maker":true,"price":1.3556,"quantity":226.0,"timestamp":1772552651285},{"is_buyer_maker":true,"price":1.3555,"quantity":67.5,"timestamp":1772552651285},{"is_buyer_maker":true,"price":1.3556,"quantity":226.0,"timestamp":1772552651285},{"is_buyer_maker":true,"price":1.3555,"quantity":67.5,"timestamp":1772552651285},{"is_buyer_maker":true,"price":1.3556,"quantity":226.0,"timestamp":1772552651285},{"is_buyer_maker":true,"price":1.3555,"quantity":67.5,"timestamp":1772552651285},{"is_buyer_maker":true,"price":1.3556,"quantity":226.0,"timestamp":1772552651285},{"is_buyer_maker":true,"price":1.3555,"quantity":67.5,"timestamp":1772552651285},{"is_buyer_maker":true,"price":1.3556,"quantity":226.0,"timestamp":1772552651285},{"is_buyer_maker":true,"price":1.3555,"quantity":67.5,"timestamp":1772552651285},{"is_buyer_maker":true,"price":1.3556,"quantity":226.0,"timestamp":1772552651285},{"is_buyer_maker":true,"price":1.3555,"quantity":67.5,"timestamp":1772552651285},{"is_buyer_maker":true,"price":1.3556,"quantity":226.0,"timestamp":1772552651285},{"is_buyer_maker":true,"price":1.3555,"quantity":67.5,"timestamp":1772552651285},{"is_buyer_maker":true,"price":1.3556,"quantity":226.0,"timestamp":1772552651285},{"is_buyer_maker":true,"price":1.3555,"quantity":67.5,"timestamp":1772552651285},{"is_buyer_maker":true,"price":1.3556,"quantity":226.0,"timestamp":1772552651285},{"is_buyer_maker":true,"price":1.3555,"quantity":67.5,"timestamp":1772552651285},{"is_buyer_maker":true,"price":1.3556,"quantity":226.0,"timestamp":1772552651285},{"is_buyer_maker":true,"price":1.3555,"quantity":67.5,"timestamp":1772552651285},{"is_buyer_maker":true,"price":1.3556,"quantity":226.0,"timestamp":1772552651285},{"is_buyer_maker":true,"price":1.3555,"quantity":67.5,"timestamp":1772552651285},{"is_buyer_maker":true,"price":1.3556,"quantity":226.0,"timestamp":1772552651285},{"is_buyer_maker":true,"price":1.3555,"quantity":67.5,"timestamp":1772552651285},{"is_buyer_maker":true,"price":1.3556,"quantity":226.0,"timestamp":1772552651285},{"is_buyer_maker":true,"price":1.3555,"quantity":67.5,"timestamp":1772552651285},{"is_buyer_maker":true,"price":1.3556,"quantity":226.0,"timestamp":1772552651285},{"is_buyer_maker":true,"price":1.3555,"quantity":67.5,"timestamp":1772552651285},{"is_buyer_maker":true,"price":1.3556,"quantity":226.0,"timestamp":1772552651285},{"is_buyer_maker":true,"price":1.3555,"quantity":67.5,"timestamp":1772552651285},{"is_buyer_maker":true,"price":1.3556,"quantity":226.0,"timestamp":1772552651285},{"is_buyer_maker":true,"price":1.3555,"quantity":67.5,"timestamp":1772552651285},{"is_buyer_maker":true,"price":1.3554,"quantity":707.7,"timestamp":1772552651299},{"is_buyer_maker":false,"price":1.3555,"quantity":2832.0,"timestamp":1772552651393},{"is_buyer_maker":true,"price":1.3554,"quantity":3.7,"timestamp":1772552651482},{"is_buyer_maker":true,"price":1.3554,"quantity":56.7,"timestamp":1772552651828},{"is_buyer_maker":false,"price":1.3554,"quantity":4503.8,"timestamp":1772552652157},{"is_buyer_maker":false,"price":1.3555,"quantity":1491.0,"timestamp":1772552652292},{"is_buyer_maker":false,"price":1.3556,"quantity":917.3,"timestamp":1772552652583},{"is_buyer_maker":true,"price":1.3556,"quantity":370.3,"timestamp":1772552652613},{"is_buyer_maker":false,"price":1.3557,"quantity":33.1,"timestamp":1772552652728},{"is_buyer_maker":true,"price":1.3556,"quantity":51.5,"timestamp":1772552652994},{"is_buyer_maker":true,"price":1.3555,"quantity":88.9,"timestamp":1772552653055},{"is_buyer_maker":true,"price":1.3555,"quantity":3626.5,"timestamp":1772552653473},{"is_buyer_maker":true,"price":1.3554,"quantity":30.3,"timestamp":1772552653491},{"is_buyer_maker":true,"price":1.3553,"quantity":1546.4,"timestamp":1772552653491},{"is_buyer_maker":true,"price":1.3554,"quantity":30.3,"timestamp":1772552653491},{"is_buyer_maker":true,"price":1.3553,"quantity":1546.4,"timestamp":1772552653491},{"is_buyer_maker":true,"price":1.3554,"quantity":30.3,"timestamp":1772552653491},{"is_buyer_maker":true,"price":1.3553,"quantity":1546.4,"timestamp":1772552653491},{"is_buyer_maker":true,"price":1.3554,"quantity":30.3,"timestamp":1772552653491},{"is_buyer_maker":true,"price":1.3553,"quantity":1546.4,"timestamp":1772552653491},{"is_buyer_maker":true,"price":1.3554,"quantity":30.3,"timestamp":1772552653491},{"is_buyer_maker":true,"price":1.3553,"quantity":1546.4,"timestamp":1772552653491},{"is_buyer_maker":true,"price":1.3554,"quantity":30.3,"timestamp":1772552653491},{"is_buyer_maker":true,"price":1.3553,"quantity":1546.4,"timestamp":1772552653491},{"is_buyer_maker":true,"price":1.3554,"quantity":30.3,"timestamp":1772552653491},{"is_buyer_maker":true,"price":1.3553,"quantity":1546.4,"timestamp":1772552653491},{"is_buyer_maker":true,"price":1.3554,"quantity":30.3,"timestamp":1772552653491},{"is_buyer_maker":true,"price":1.3553,"quantity":1546.4,"timestamp":1772552653491},{"is_buyer_maker":true,"price":1.3554,"quantity":30.3,"timestamp":1772552653491},{"is_buyer_maker":true,"price":1.3553,"quantity":1546.4,"timestamp":1772552653491},{"is_buyer_maker":true,"price":1.3554,"quantity":30.3,"timestamp":1772552653491},{"is_buyer_maker":true,"price":1.3553,"quantity":1546.4,"timestamp":1772552653491},{"is_buyer_maker":true,"price":1.3554,"quantity":30.3,"timestamp":1772552653491},{"is_buyer_maker":true,"price":1.3553,"quantity":1546.4,"timestamp":1772552653491},{"is_buyer_maker":true,"price":1.3554,"quantity":30.3,"timestamp":1772552653491},{"is_buyer_maker":true,"price":1.3553,"quantity":1546.4,"timestamp":1772552653491},{"is_buyer_maker":true,"price":1.3554,"quantity":30.3,"timestamp":1772552653491},{"is_buyer_maker":true,"price":1.3553,"quantity":1546.4,"timestamp":1772552653491},{"is_buyer_maker":true,"price":1.3554,"quantity":30.3,"timestamp":1772552653491},{"is_buyer_maker":true,"price":1.3553,"quantity":1546.4,"timestamp":1772552653491},{"is_buyer_maker":true,"price":1.3554,"quantity":30.3,"timestamp":1772552653491},{"is_buyer_maker":true,"price":1.3553,"quantity":1546.4,"timestamp":1772552653491},{"is_buyer_maker":true,"price":1.3554,"quantity":30.3,"timestamp":1772552653491},{"is_buyer_maker":true,"price":1.3553,"quantity":1546.4,"timestamp":1772552653491},{"is_buyer_maker":true,"price":1.3554,"quantity":30.3,"timestamp":1772552653491},{"is_buyer_maker":true,"price":1.3553,"quantity":1546.4,"timestamp":1772552653491},{"is_buyer_maker":true,"price":1.3554,"quantity":30.3,"timestamp":1772552653491},{"is_buyer_maker":true,"price":1.3553,"quantity":1546.4,"timestamp":1772552653491},{"is_buyer_maker":true,"price":1.3554,"quantity":30.3,"timestamp":1772552653491},{"is_buyer_maker":true,"price":1.3553,"quantity":1546.4,"timestamp":1772552653491},{"is_buyer_maker":true,"price":1.3552,"quantity":1200.0,"timestamp":1772552653534},{"is_buyer_maker":true,"price":1.3552,"quantity":460.6,"timestamp":1772552653700},{"is_buyer_maker":false,"price":1.3552,"quantity":118.8,"timestamp":1772552653762},{"is_buyer_maker":true,"price":1.3551,"quantity":18079.2,"timestamp":1772552653784},{"is_buyer_maker":true,"price":1.355,"quantity":21502.8,"timestamp":1772552653784},{"is_buyer_maker":true,"price":1.3551,"quantity":18079.2,"timestamp":1772552653784},{"is_buyer_maker":true,"price":1.355,"quantity":21502.8,"timestamp":1772552653784},{"is_buyer_maker":true,"price":1.3551,"quantity":18079.2,"timestamp":1772552653784},{"is_buyer_maker":true,"price":1.355,"quantity":21502.8,"timestamp":1772552653784},{"is_buyer_maker":true,"price":1.3551,"quantity":18079.2,"timestamp":1772552653784},{"is_buyer_maker":true,"price":1.355,"quantity":21502.8,"timestamp":1772552653784},{"is_buyer_maker":true,"price":1.3551,"quantity":18079.2,"timestamp":1772552653784},{"is_buyer_maker":true,"price":1.355,"quantity":21502.8,"timestamp":1772552653784},{"is_buyer_maker":true,"price":1.3551,"quantity":18079.2,"timestamp":1772552653784},{"is_buyer_maker":true,"price":1.355,"quantity":21502.8,"timestamp":1772552653784},{"is_buyer_maker":true,"price":1.3551,"quantity":18079.2,"timestamp":1772552653784},{"is_buyer_maker":true,"price":1.355,"quantity":21502.8,"timestamp":1772552653784},{"is_buyer_maker":true,"price":1.3551,"quantity":18079.2,"timestamp":1772552653784},{"is_buyer_maker":true,"price":1.355,"quantity":21502.8,"timestamp":1772552653784},{"is_buyer_maker":true,"price":1.3551,"quantity":18079.2,"timestamp":1772552653784},{"is_buyer_maker":true,"price":1.355,"quantity":21502.8,"timestamp":1772552653784},{"is_buyer_maker":true,"price":1.3551,"quantity":18079.2,"timestamp":1772552653784},{"is_buyer_maker":true,"price":1.355,"quantity":21502.8,"timestamp":1772552653784},{"is_buyer_maker":true,"price":1.3551,"quantity":18079.2,"timestamp":1772552653784},{"is_buyer_maker":true,"price":1.355,"quantity":21502.8,"timestamp":1772552653784},{"is_buyer_maker":true,"price":1.3551,"quantity":18079.2,"timestamp":1772552653784},{"is_buyer_maker":true,"price":1.355,"quantity":21502.8,"timestamp":1772552653784},{"is_buyer_maker":true,"price":1.3551,"quantity":18079.2,"timestamp":1772552653784},{"is_buyer_maker":true,"price":1.355,"quantity":21502.8,"timestamp":1772552653784},{"is_buyer_maker":true,"price":1.3551,"quantity":18079.2,"timestamp":1772552653784},{"is_buyer_maker":true,"price":1.355,"quantity":21502.8,"timestamp":1772552653784},{"is_buyer_maker":true,"price":1.3551,"quantity":18079.2,"timestamp":1772552653784},{"is_buyer_maker":true,"price":1.355,"quantity":21502.8,"timestamp":1772552653784},{"is_buyer_maker":true,"price":1.3551,"quantity":18079.2,"timestamp":1772552653784},{"is_buyer_maker":true,"price":1.355,"quantity":21502.8,"timestamp":1772552653784},{"is_buyer_maker":true,"price":1.3551,"quantity":18079.2,"timestamp":1772552653784},{"is_buyer_maker":true,"price":1.355,"quantity":21502.8,"timestamp":1772552653784},{"is_buyer_maker":true,"price":1.3551,"quantity":18079.2,"timestamp":1772552653784},{"is_buyer_maker":true,"price":1.355,"quantity":21502.8,"timestamp":1772552653784},{"is_buyer_maker":true,"price":1.3551,"quantity":18079.2,"timestamp":1772552653784},{"is_buyer_maker":true,"price":1.355,"quantity":21502.8,"timestamp":1772552653784},{"is_buyer_maker":true,"price":1.3549,"quantity":6429.5,"timestamp":1772552653791},{"is_buyer_maker":true,"price":1.3548,"quantity":14650.7,"timestamp":1772552653791},{"is_buyer_maker":true,"price":1.3547,"quantity":8590.5,"timestamp":1772552653791},{"is_buyer_maker":true,"price":1.3546,"quantity":37948.6,"timestamp":1772552653791},{"is_buyer_maker":true,"price":1.3545,"quantity":68485.9,"timestamp":1772552653791},{"is_buyer_maker":true,"price":1.3549,"quantity":6429.5,"timestamp":1772552653791},{"is_buyer_maker":true,"price":1.3548,"quantity":14650.7,"timestamp":1772552653791},{"is_buyer_maker":true,"price":1.3547,"quantity":8590.5,"timestamp":1772552653791},{"is_buyer_maker":true,"price":1.3546,"quantity":37948.6,"timestamp":1772552653791},{"is_buyer_maker":true,"price":1.3545,"quantity":68485.9,"timestamp":1772552653791},{"is_buyer_maker":true,"price":1.3549,"quantity":6429.5,"timestamp":1772552653791},{"is_buyer_maker":true,"price":1.3548,"quantity":14650.7,"timestamp":1772552653791},{"is_buyer_maker":true,"price":1.3547,"quantity":8590.5,"timestamp":1772552653791},{"is_buyer_maker":true,"price":1.3546,"quantity":37948.6,"timestamp":1772552653791},{"is_buyer_maker":true,"price":1.3545,"quantity":68485.9,"timestamp":1772552653791},{"is_buyer_maker":true,"price":1.3549,"quantity":6429.5,"timestamp":1772552653791},{"is_buyer_maker":true,"price":1.3548,"quantity":14650.7,"timestamp":1772552653791},{"is_buyer_maker":true,"price":1.3547,"quantity":8590.5,"timestamp":1772552653791},{"is_buyer_maker":true,"price":1.3546,"quantity":37948.6,"timestamp":1772552653791},{"is_buyer_maker":true,"price":1.3545,"quantity":68485.9,"timestamp":1772552653791},{"is_buyer_maker":true,"price":1.3549,"quantity":6429.5,"timestamp":1772552653791},{"is_buyer_maker":true,"price":1.3548,"quantity":14650.7,"timestamp":1772552653791},{"is_buyer_maker":true,"price":1.3547,"quantity":8590.5,"timestamp":1772552653791},{"is_buyer_maker":true,"price":1.3546,"quantity":37948.6,"timestamp":1772552653791},{"is_buyer_maker":true,"price":1.3545,"quantity":68485.9,"timestamp":1772552653791},{"is_buyer_maker":true,"price":1.3549,"quantity":6429.5,"timestamp":1772552653791},{"is_buyer_maker":true,"price":1.3548,"quantity":14650.7,"timestamp":1772552653791},{"is_buyer_maker":true,"price":1.3547,"quantity":8590.5,"timestamp":1772552653791},{"is_buyer_maker":true,"price":1.3546,"quantity":37948.6,"timestamp":1772552653791},{"is_buyer_maker":true,"price":1.3545,"quantity":68485.9,"timestamp":1772552653791},{"is_buyer_maker":true,"price":1.3549,"quantity":6429.5,"timestamp":1772552653791},{"is_buyer_maker":true,"price":1.3548,"quantity":14650.7,"timestamp":1772552653791},{"is_buyer_maker":true,"price":1.3547,"quantity":8590.5,"timestamp":1772552653791},{"is_buyer_maker":true,"price":1.3546,"quantity":37948.6,"timestamp":1772552653791},{"is_buyer_maker":true,"price":1.3545,"quantity":68485.9,"timestamp":1772552653791},{"is_buyer_maker":true,"price":1.3549,"quantity":6429.5,"timestamp":1772552653791},{"is_buyer_maker":true,"price":1.3548,"quantity":14650.7,"timestamp":1772552653791},{"is_buyer_maker":true,"price":1.3547,"quantity":8590.5,"timestamp":1772552653791},{"is_buyer_maker":true,"price":1.3546,"quantity":37948.6,"timestamp":1772552653791},{"is_buyer_maker":true,"price":1.3545,"quantity":68485.9,"timestamp":1772552653791},{"is_buyer_maker":true,"price":1.3549,"quantity":6429.5,"timestamp":1772552653791},{"is_buyer_maker":true,"price":1.3548,"quantity":14650.7,"timestamp":1772552653791},{"is_buyer_maker":true,"price":1.3547,"quantity":8590.5,"timestamp":1772552653791},{"is_buyer_maker":true,"price":1.3546,"quantity":37948.6,"timestamp":1772552653791},{"is_buyer_maker":true,"price":1.3545,"quantity":68485.9,"timestamp":1772552653791},{"is_buyer_maker":true,"price":1.3549,"quantity":6429.5,"timestamp":1772552653791},{"is_buyer_maker":true,"price":1.3548,"quantity":14650.7,"timestamp":1772552653791},{"is_buyer_maker":true,"price":1.3547,"quantity":8590.5,"timestamp":1772552653791},{"is_buyer_maker":true,"price":1.3546,"quantity":37948.6,"timestamp":1772552653791},{"is_buyer_maker":true,"price":1.3545,"quantity":68485.9,"timestamp":1772552653791},{"is_buyer_maker":true,"price":1.3549,"quantity":6429.5,"timestamp":1772552653791},{"is_buyer_maker":true,"price":1.3548,"quantity":14650.7,"timestamp":1772552653791},{"is_buyer_maker":true,"price":1.3547,"quantity":8590.5,"timestamp":1772552653791},{"is_buyer_maker":true,"price":1.3546,"quantity":37948.6,"timestamp":1772552653791},{"is_buyer_maker":true,"price":1.3545,"quantity":68485.9,"timestamp":1772552653791},{"is_buyer_maker":true,"price":1.3549,"quantity":6429.5,"timestamp":1772552653791},{"is_buyer_maker":true,"price":1.3548,"quantity":14650.7,"timestamp":1772552653791},{"is_buyer_maker":true,"price":1.3547,"quantity":8590.5,"timestamp":1772552653791},{"is_buyer_maker":true,"price":1.3546,"quantity":37948.6,"timestamp":1772552653791},{"is_buyer_maker":true,"price":1.3545,"quantity":68485.9,"timestamp":1772552653791},{"is_buyer_maker":true,"price":1.3549,"quantity":6429.5,"timestamp":1772552653791},{"is_buyer_maker":true,"price":1.3548,"quantity":14650.7,"timestamp":1772552653791},{"is_buyer_maker":true,"price":1.3547,"quantity":8590.5,"timestamp":1772552653791},{"is_buyer_maker":true,"price":1.3546,"quantity":37948.6,"timestamp":1772552653791},{"is_buyer_maker":true,"price":1.3545,"quantity":68485.9,"timestamp":1772552653791},{"is_buyer_maker":true,"price":1.3549,"quantity":6429.5,"timestamp":1772552653791},{"is_buyer_maker":true,"price":1.3548,"quantity":14650.7,"timestamp":1772552653791},{"is_buyer_maker":true,"price":1.3547,"quantity":8590.5,"timestamp":1772552653791},{"is_buyer_maker":true,"price":1.3546,"quantity":37948.6,"timestamp":1772552653791},{"is_buyer_maker":true,"price":1.3545,"quantity":68485.9,"timestamp":1772552653791},{"is_buyer_maker":true,"price":1.3549,"quantity":6429.5,"timestamp":1772552653791},{"is_buyer_maker":true,"price":1.3548,"quantity":14650.7,"timestamp":1772552653791},{"is_buyer_maker":true,"price":1.3547,"quantity":8590.5,"timestamp":1772552653791},{"is_buyer_maker":true,"price":1.3546,"quantity":37948.6,"timestamp":1772552653791},{"is_buyer_maker":true,"price":1.3545,"quantity":68485.9,"timestamp":1772552653791},{"is_buyer_maker":true,"price":1.3549,"quantity":6429.5,"timestamp":1772552653791},{"is_buyer_maker":true,"price":1.3548,"quantity":14650.7,"timestamp":1772552653791},{"is_buyer_maker":true,"price":1.3547,"quantity":8590.5,"timestamp":1772552653791},{"is_buyer_maker":true,"price":1.3546,"quantity":37948.6,"timestamp":1772552653791},{"is_buyer_maker":true,"price":1.3545,"quantity":68485.9,"timestamp":1772552653791},{"is_buyer_maker":true,"price":1.3549,"quantity":6429.5,"timestamp":1772552653791},{"is_buyer_maker":true,"price":1.3548,"quantity":14650.7,"timestamp":1772552653791},{"is_buyer_maker":true,"price":1.3547,"quantity":8590.5,"timestamp":1772552653791},{"is_buyer_maker":true,"price":1.3546,"quantity":37948.6,"timestamp":1772552653791},{"is_buyer_maker":true,"price":1.3545,"quantity":68485.9,"timestamp":1772552653791},{"is_buyer_maker":true,"price":1.3549,"quantity":6429.5,"timestamp":1772552653791},{"is_buyer_maker":true,"price":1.3548,"quantity":14650.7,"timestamp":1772552653791},{"is_buyer_maker":true,"price":1.3547,"quantity":8590.5,"timestamp":1772552653791},{"is_buyer_maker":true,"price":1.3546,"quantity":37948.6,"timestamp":1772552653791},{"is_buyer_maker":true,"price":1.3545,"quantity":68485.9,"timestamp":1772552653791},{"is_buyer_maker":true,"price":1.3549,"quantity":6429.5,"timestamp":1772552653791},{"is_buyer_maker":true,"price":1.3548,"quantity":14650.7,"timestamp":1772552653791},{"is_buyer_maker":true,"price":1.3547,"quantity":8590.5,"timestamp":1772552653791},{"is_buyer_maker":true,"price":1.3546,"quantity":37948.6,"timestamp":1772552653791},{"is_buyer_maker":true,"price":1.3545,"quantity":68485.9,"timestamp":1772552653791},{"is_buyer_maker":true,"price":1.3544,"quantity":80596.8,"timestamp":1772552653792},{"is_buyer_maker":true,"price":1.3543,"quantity":65490.9,"timestamp":1772552653792},{"is_buyer_maker":true,"price":1.3542,"quantity":75408.9,"timestamp":1772552653792},{"is_buyer_maker":true,"price":1.3541,"quantity":100546.6,"timestamp":1772552653792},{"is_buyer_maker":true,"price":1.354,"quantity":113962.2,"timestamp":1772552653792},{"is_buyer_maker":true,"price":1.3544,"quantity":80596.8,"timestamp":1772552653792},{"is_buyer_maker":true,"price":1.3543,"quantity":65490.9,"timestamp":1772552653792},{"is_buyer_maker":true,"price":1.3542,"quantity":75408.9,"timestamp":1772552653792},{"is_buyer_maker":true,"price":1.3541,"quantity":100546.6,"timestamp":1772552653792},{"is_buyer_maker":true,"price":1.354,"quantity":113962.2,"timestamp":1772552653792},{"is_buyer_maker":true,"price":1.3544,"quantity":80596.8,"timestamp":1772552653792},{"is_buyer_maker":true,"price":1.3543,"quantity":65490.9,"timestamp":1772552653792},{"is_buyer_maker":true,"price":1.3542,"quantity":75408.9,"timestamp":1772552653792},{"is_buyer_maker":true,"price":1.3541,"quantity":100546.6,"timestamp":1772552653792},{"is_buyer_maker":true,"price":1.354,"quantity":113962.2,"timestamp":1772552653792},{"is_buyer_maker":true,"price":1.3544,"quantity":80596.8,"timestamp":1772552653792},{"is_buyer_maker":true,"price":1.3543,"quantity":65490.9,"timestamp":1772552653792},{"is_buyer_maker":true,"price":1.3542,"quantity":75408.9,"timestamp":1772552653792},{"is_buyer_maker":true,"price":1.3541,"quantity":100546.6,"timestamp":1772552653792},{"is_buyer_maker":true,"price":1.354,"quantity":113962.2,"timestamp":1772552653792},{"is_buyer_maker":true,"price":1.3544,"quantity":80596.8,"timestamp":1772552653792},{"is_buyer_maker":true,"price":1.3543,"quantity":65490.9,"timestamp":1772552653792},{"is_buyer_maker":true,"price":1.3542,"quantity":75408.9,"timestamp":1772552653792},{"is_buyer_maker":true,"price":1.3541,"quantity":100546.6,"timestamp":1772552653792},{"is_buyer_maker":true,"price":1.354,"quantity":113962.2,"timestamp":1772552653792},{"is_buyer_maker":true,"price":1.3544,"quantity":80596.8,"timestamp":1772552653792},{"is_buyer_maker":true,"price":1.3543,"quantity":65490.9,"timestamp":1772552653792},{"is_buyer_maker":true,"price":1.3542,"quantity":75408.9,"timestamp":1772552653792},{"is_buyer_maker":true,"price":1.3541,"quantity":100546.6,"timestamp":1772552653792},{"is_buyer_maker":true,"price":1.354,"quantity":113962.2,"timestamp":1772552653792},{"is_buyer_maker":true,"price":1.3544,"quantity":80596.8,"timestamp":1772552653792},{"is_buyer_maker":true,"price":1.3543,"quantity":65490.9,"timestamp":1772552653792},{"is_buyer_maker":true,"price":1.3542,"quantity":75408.9,"timestamp":1772552653792},{"is_buyer_maker":true,"price":1.3541,"quantity":100546.6,"timestamp":1772552653792},{"is_buyer_maker":true,"price":1.354,"quantity":113962.2,"timestamp":1772552653792},{"is_buyer_maker":true,"price":1.3544,"quantity":80596.8,"timestamp":1772552653792},{"is_buyer_maker":true,"price":1.3543,"quantity":65490.9,"timestamp":1772552653792},{"is_buyer_maker":true,"price":1.3542,"quantity":75408.9,"timestamp":1772552653792},{"is_buyer_maker":true,"price":1.3541,"quantity":100546.6,"timestamp":1772552653792},{"is_buyer_maker":true,"price":1.354,"quantity":113962.2,"timestamp":1772552653792},{"is_buyer_maker":true,"price":1.3544,"quantity":80596.8,"timestamp":1772552653792},{"is_buyer_maker":true,"price":1.3543,"quantity":65490.9,"timestamp":1772552653792},{"is_buyer_maker":true,"price":1.3542,"quantity":75408.9,"timestamp":1772552653792},{"is_buyer_maker":true,"price":1.3541,"quantity":100546.6,"timestamp":1772552653792},{"is_buyer_maker":true,"price":1.354,"quantity":113962.2,"timestamp":1772552653792},{"is_buyer_maker":true,"price":1.3544,"quantity":80596.8,"timestamp":1772552653792},{"is_buyer_maker":true,"price":1.3543,"quantity":65490.9,"timestamp":1772552653792},{"is_buyer_maker":true,"price":1.3542,"quantity":75408.9,"timestamp":1772552653792},{"is_buyer_maker":true,"price":1.3541,"quantity":100546.6,"timestamp":1772552653792},{"is_buyer_maker":true,"price":1.354,"quantity":113962.2,"timestamp":1772552653792},{"is_buyer_maker":true,"price":1.3544,"quantity":80596.8,"timestamp":1772552653792},{"is_buyer_maker":true,"price":1.3543,"quantity":65490.9,"timestamp":1772552653792},{"is_buyer_maker":true,"price":1.3542,"quantity":75408.9,"timestamp":1772552653792},{"is_buyer_maker":true,"price":1.3541,"quantity":100546.6,"timestamp":1772552653792},{"is_buyer_maker":true,"price":1.354,"quantity":113962.2,"timestamp":1772552653792},{"is_buyer_maker":true,"price":1.3544,"quantity":80596.8,"timestamp":1772552653792},{"is_buyer_maker":true,"price":1.3543,"quantity":65490.9,"timestamp":1772552653792},{"is_buyer_maker":true,"price":1.3542,"quantity":75408.9,"timestamp":1772552653792},{"is_buyer_maker":true,"price":1.3541,"quantity":100546.6,"timestamp":1772552653792},{"is_buyer_maker":true,"price":1.354,"quantity":113962.2,"timestamp":1772552653792},{"is_buyer_maker":true,"price":1.3544,"quantity":80596.8,"timestamp":1772552653792},{"is_buyer_maker":true,"price":1.3543,"quantity":65490.9,"timestamp":1772552653792},{"is_buyer_maker":true,"price":1.3542,"quantity":75408.9,"timestamp":1772552653792},{"is_buyer_maker":true,"price":1.3541,"quantity":100546.6,"timestamp":1772552653792},{"is_buyer_maker":true,"price":1.354,"quantity":113962.2,"timestamp":1772552653792},{"is_buyer_maker":true,"price":1.3544,"quantity":80596.8,"timestamp":1772552653792},{"is_buyer_maker":true,"price":1.3543,"quantity":65490.9,"timestamp":1772552653792},{"is_buyer_maker":true,"price":1.3542,"quantity":75408.9,"timestamp":1772552653792},{"is_buyer_maker":true,"price":1.3541,"quantity":100546.6,"timestamp":1772552653792},{"is_buyer_maker":true,"price":1.354,"quantity":113962.2,"timestamp":1772552653792},{"is_buyer_maker":true,"price":1.3544,"quantity":80596.8,"timestamp":1772552653792},{"is_buyer_maker":true,"price":1.3543,"quantity":65490.9,"timestamp":1772552653792},{"is_buyer_maker":true,"price":1.3542,"quantity":75408.9,"timestamp":1772552653792},{"is_buyer_maker":true,"price":1.3541,"quantity":100546.6,"timestamp":1772552653792},{"is_buyer_maker":true,"price":1.354,"quantity":113962.2,"timestamp":1772552653792},{"is_buyer_maker":true,"price":1.3544,"quantity":80596.8,"timestamp":1772552653792},{"is_buyer_maker":true,"price":1.3543,"quantity":65490.9,"timestamp":1772552653792},{"is_buyer_maker":true,"price":1.3542,"quantity":75408.9,"timestamp":1772552653792},{"is_buyer_maker":true,"price":1.3541,"quantity":100546.6,"timestamp":1772552653792},{"is_buyer_maker":true,"price":1.354,"quantity":113962.2,"timestamp":1772552653792},{"is_buyer_maker":true,"price":1.3544,"quantity":80596.8,"timestamp":1772552653792},{"is_buyer_maker":true,"price":1.3543,"quantity":65490.9,"timestamp":1772552653792},{"is_buyer_maker":true,"price":1.3542,"quantity":75408.9,"timestamp":1772552653792},{"is_buyer_maker":true,"price":1.3541,"quantity":100546.6,"timestamp":1772552653792},{"is_buyer_maker":true,"price":1.354,"quantity":113962.2,"timestamp":1772552653792},{"is_buyer_maker":true,"price":1.3544,"quantity":80596.8,"timestamp":1772552653792},{"is_buyer_maker":true,"price":1.3543,"quantity":65490.9,"timestamp":1772552653792},{"is_buyer_maker":true,"price":1.3542,"quantity":75408.9,"timestamp":1772552653792},{"is_buyer_maker":true,"price":1.3541,"quantity":100546.6,"timestamp":1772552653792},{"is_buyer_maker":true,"price":1.354,"quantity":113962.2,"timestamp":1772552653792},{"is_buyer_maker":true,"price":1.3544,"quantity":80596.8,"timestamp":1772552653792},{"is_buyer_maker":true,"price":1.3543,"quantity":65490.9,"timestamp":1772552653792},{"is_buyer_maker":true,"price":1.3542,"quantity":75408.9,"timestamp":1772552653792},{"is_buyer_maker":true,"price":1.3541,"quantity":100546.6,"timestamp":1772552653792},{"is_buyer_maker":true,"price":1.354,"quantity":113962.2,"timestamp":1772552653792},{"is_buyer_maker":false,"price":1.355,"quantity":0.4,"timestamp":1772552653795},{"is_buyer_maker":true,"price":1.3547,"quantity":3.8,"timestamp":1772552653796},{"is_buyer_maker":true,"price":1.3546,"quantity":9476.2,"timestamp":1772552653796},{"is_buyer_maker":true,"price":1.3547,"quantity":3.8,"timestamp":1772552653796},{"is_buyer_maker":true,"price":1.3546,"quantity":9476.2,"timestamp":1772552653796},{"is_buyer_maker":true,"price":1.3547,"quantity":3.8,"timestamp":1772552653796},{"is_buyer_maker":true,"price":1.3546,"quantity":9476.2,"timestamp":1772552653796},{"is_buyer_maker":true,"price":1.3547,"quantity":3.8,"timestamp":1772552653796},{"is_buyer_maker":true,"price":1.3546,"quantity":9476.2,"timestamp":1772552653796},{"is_buyer_maker":true,"price":1.3547,"quantity":3.8,"timestamp":1772552653796},{"is_buyer_maker":true,"price":1.3546,"quantity":9476.2,"timestamp":1772552653796},{"is_buyer_maker":true,"price":1.3547,"quantity":3.8,"timestamp":1772552653796},{"is_buyer_maker":true,"price":1.3546,"quantity":9476.2,"timestamp":1772552653796},{"is_buyer_maker":true,"price":1.3547,"quantity":3.8,"timestamp":1772552653796},{"is_buyer_maker":true,"price":1.3546,"quantity":9476.2,"timestamp":1772552653796},{"is_buyer_maker":true,"price":1.3547,"quantity":3.8,"timestamp":1772552653796},{"is_buyer_maker":true,"price":1.3546,"quantity":9476.2,"timestamp":1772552653796},{"is_buyer_maker":true,"price":1.3547,"quantity":3.8,"timestamp":1772552653796},{"is_buyer_maker":true,"price":1.3546,"quantity":9476.2,"timestamp":1772552653796},{"is_buyer_maker":true,"price":1.3547,"quantity":3.8,"timestamp":1772552653796},{"is_buyer_maker":true,"price":1.3546,"quantity":9476.2,"timestamp":1772552653796},{"is_buyer_maker":true,"price":1.3547,"quantity":3.8,"timestamp":1772552653796},{"is_buyer_maker":true,"price":1.3546,"quantity":9476.2,"timestamp":1772552653796},{"is_buyer_maker":true,"price":1.3547,"quantity":3.8,"timestamp":1772552653796},{"is_buyer_maker":true,"price":1.3546,"quantity":9476.2,"timestamp":1772552653796},{"is_buyer_maker":true,"price":1.3547,"quantity":3.8,"timestamp":1772552653796},{"is_buyer_maker":true,"price":1.3546,"quantity":9476.2,"timestamp":1772552653796},{"is_buyer_maker":true,"price":1.3547,"quantity":3.8,"timestamp":1772552653796},{"is_buyer_maker":true,"price":1.3546,"quantity":9476.2,"timestamp":1772552653796},{"is_buyer_maker":true,"price":1.3547,"quantity":3.8,"timestamp":1772552653796},{"is_buyer_maker":true,"price":1.3546,"quantity":9476.2,"timestamp":1772552653796},{"is_buyer_maker":true,"price":1.3547,"quantity":3.8,"timestamp":1772552653796},{"is_buyer_maker":true,"price":1.3546,"quantity":9476.2,"timestamp":1772552653796},{"is_buyer_maker":true,"price":1.3547,"quantity":3.8,"timestamp":1772552653796},{"is_buyer_maker":true,"price":1.3546,"quantity":9476.2,"timestamp":1772552653796},{"is_buyer_maker":true,"price":1.3547,"quantity":3.8,"timestamp":1772552653796},{"is_buyer_maker":true,"price":1.3546,"quantity":9476.2,"timestamp":1772552653796},{"is_buyer_maker":true,"price":1.3547,"quantity":3.8,"timestamp":1772552653796},{"is_buyer_maker":true,"price":1.3546,"quantity":9476.2,"timestamp":1772552653796},{"is_buyer_maker":true,"price":1.3543,"quantity":810.0,"timestamp":1772552653797},{"is_buyer_maker":true,"price":1.3541,"quantity":19714.1,"timestamp":1772552653797},{"is_buyer_maker":true,"price":1.3543,"quantity":810.0,"timestamp":1772552653797},{"is_buyer_maker":true,"price":1.3541,"quantity":19714.1,"timestamp":1772552653797},{"is_buyer_maker":true,"price":1.3543,"quantity":810.0,"timestamp":1772552653797},{"is_buyer_maker":true,"price":1.3541,"quantity":19714.1,"timestamp":1772552653797},{"is_buyer_maker":true,"price":1.3543,"quantity":810.0,"timestamp":1772552653797},{"is_buyer_maker":true,"price":1.3541,"quantity":19714.1,"timestamp":1772552653797},{"is_buyer_maker":true,"price":1.3543,"quantity":810.0,"timestamp":1772552653797},{"is_buyer_maker":true,"price":1.3541,"quantity":19714.1,"timestamp":1772552653797},{"is_buyer_maker":true,"price":1.3543,"quantity":810.0,"timestamp":1772552653797},{"is_buyer_maker":true,"price":1.3541,"quantity":19714.1,"timestamp":1772552653797},{"is_buyer_maker":true,"price":1.3543,"quantity":810.0,"timestamp":1772552653797},{"is_buyer_maker":true,"price":1.3541,"quantity":19714.1,"timestamp":1772552653797},{"is_buyer_maker":true,"price":1.3543,"quantity":810.0,"timestamp":1772552653797},{"is_buyer_maker":true,"price":1.3541,"quantity":19714.1,"timestamp":1772552653797},{"is_buyer_maker":true,"price":1.3543,"quantity":810.0,"timestamp":1772552653797},{"is_buyer_maker":true,"price":1.3541,"quantity":19714.1,"timestamp":1772552653797},{"is_buyer_maker":true,"price":1.3543,"quantity":810.0,"timestamp":1772552653797},{"is_buyer_maker":true,"price":1.3541,"quantity":19714.1,"timestamp":1772552653797},{"is_buyer_maker":true,"price":1.3543,"quantity":810.0,"timestamp":1772552653797},{"is_buyer_maker":true,"price":1.3541,"quantity":19714.1,"timestamp":1772552653797},{"is_buyer_maker":true,"price":1.3543,"quantity":810.0,"timestamp":1772552653797},{"is_buyer_maker":true,"price":1.3541,"quantity":19714.1,"timestamp":1772552653797},{"is_buyer_maker":true,"price":1.3543,"quantity":810.0,"timestamp":1772552653797},{"is_buyer_maker":true,"price":1.3541,"quantity":19714.1,"timestamp":1772552653797},{"is_buyer_maker":true,"price":1.3543,"quantity":810.0,"timestamp":1772552653797},{"is_buyer_maker":true,"price":1.3541,"quantity":19714.1,"timestamp":1772552653797},{"is_buyer_maker":true,"price":1.3543,"quantity":810.0,"timestamp":1772552653797},{"is_buyer_maker":true,"price":1.3541,"quantity":19714.1,"timestamp":1772552653797},{"is_buyer_maker":true,"price":1.3543,"quantity":810.0,"timestamp":1772552653797},{"is_buyer_maker":true,"price":1.3541,"quantity":19714.1,"timestamp":1772552653797},{"is_buyer_maker":true,"price":1.3543,"quantity":810.0,"timestamp":1772552653797},{"is_buyer_maker":true,"price":1.3541,"quantity":19714.1,"timestamp":1772552653797},{"is_buyer_maker":true,"price":1.3543,"quantity":810.0,"timestamp":1772552653797},{"is_buyer_maker":true,"price":1.3541,"quantity":19714.1,"timestamp":1772552653797},{"is_buyer_maker":true,"price":1.3543,"quantity":810.0,"timestamp":1772552653797},{"is_buyer_maker":true,"price":1.3541,"quantity":19714.1,"timestamp":1772552653797},{"is_buyer_maker":true,"price":1.3543,"quantity":326.2,"timestamp":1772552653798},{"is_buyer_maker":false,"price":1.3547,"quantity":2000.0,"timestamp":1772552653798},{"is_buyer_maker":true,"price":1.3543,"quantity":1875.8,"timestamp":1772552653798},{"is_buyer_maker":true,"price":1.3541,"quantity":1843.8,"timestamp":1772552653798},{"is_buyer_maker":true,"price":1.3543,"quantity":326.2,"timestamp":1772552653798},{"is_buyer_maker":false,"price":1.3547,"quantity":2000.0,"timestamp":1772552653798},{"is_buyer_maker":true,"price":1.3543,"quantity":1875.8,"timestamp":1772552653798},{"is_buyer_maker":true,"price":1.3541,"quantity":1843.8,"timestamp":1772552653798},{"is_buyer_maker":true,"price":1.3543,"quantity":326.2,"timestamp":1772552653798},{"is_buyer_maker":false,"price":1.3547,"quantity":2000.0,"timestamp":1772552653798},{"is_buyer_maker":true,"price":1.3543,"quantity":1875.8,"timestamp":1772552653798},{"is_buyer_maker":true,"price":1.3541,"quantity":1843.8,"timestamp":1772552653798},{"is_buyer_maker":true,"price":1.3543,"quantity":326.2,"timestamp":1772552653798},{"is_buyer_maker":false,"price":1.3547,"quantity":2000.0,"timestamp":1772552653798},{"is_buyer_maker":true,"price":1.3543,"quantity":1875.8,"timestamp":1772552653798},{"is_buyer_maker":true,"price":1.3541,"quantity":1843.8,"timestamp":1772552653798},{"is_buyer_maker":true,"price":1.3543,"quantity":326.2,"timestamp":1772552653798},{"is_buyer_maker":false,"price":1.3547,"quantity":2000.0,"timestamp":1772552653798},{"is_buyer_maker":true,"price":1.3543,"quantity":1875.8,"timestamp":1772552653798},{"is_buyer_maker":true,"price":1.3541,"quantity":1843.8,"timestamp":1772552653798},{"is_buyer_maker":true,"price":1.3543,"quantity":326.2,"timestamp":1772552653798},{"is_buyer_maker":false,"price":1.3547,"quantity":2000.0,"timestamp":1772552653798},{"is_buyer_maker":true,"price":1.3543,"quantity":1875.8,"timestamp":1772552653798},{"is_buyer_maker":true,"price":1.3541,"quantity":1843.8,"timestamp":1772552653798},{"is_buyer_maker":true,"price":1.3543,"quantity":326.2,"timestamp":1772552653798},{"is_buyer_maker":false,"price":1.3547,"quantity":2000.0,"timestamp":1772552653798},{"is_buyer_maker":true,"price":1.3543,"quantity":1875.8,"timestamp":1772552653798},{"is_buyer_maker":true,"price":1.3541,"quantity":1843.8,"timestamp":1772552653798},{"is_buyer_maker":true,"price":1.3543,"quantity":326.2,"timestamp":1772552653798},{"is_buyer_maker":false,"price":1.3547,"quantity":2000.0,"timestamp":1772552653798},{"is_buyer_maker":true,"price":1.3543,"quantity":1875.8,"timestamp":1772552653798},{"is_buyer_maker":true,"price":1.3541,"quantity":1843.8,"timestamp":1772552653798},{"is_buyer_maker":true,"price":1.3543,"quantity":326.2,"timestamp":1772552653798},{"is_buyer_maker":false,"price":1.3547,"quantity":2000.0,"timestamp":1772552653798},{"is_buyer_maker":true,"price":1.3543,"quantity":1875.8,"timestamp":1772552653798},{"is_buyer_maker":true,"price":1.3541,"quantity":1843.8,"timestamp":1772552653798},{"is_buyer_maker":true,"price":1.3543,"quantity":326.2,"timestamp":1772552653798},{"is_buyer_maker":false,"price":1.3547,"quantity":2000.0,"timestamp":1772552653798},{"is_buyer_maker":true,"price":1.3543,"quantity":1875.8,"timestamp":1772552653798},{"is_buyer_maker":true,"price":1.3541,"quantity":1843.8,"timestamp":1772552653798},{"is_buyer_maker":true,"price":1.3543,"quantity":326.2,"timestamp":1772552653798},{"is_buyer_maker":false,"price":1.3547,"quantity":2000.0,"timestamp":1772552653798},{"is_buyer_maker":true,"price":1.3543,"quantity":1875.8,"timestamp":1772552653798},{"is_buyer_maker":true,"price":1.3541,"quantity":1843.8,"timestamp":1772552653798},{"is_buyer_maker":true,"price":1.3543,"quantity":326.2,"timestamp":1772552653798},{"is_buyer_maker":false,"price":1.3547,"quantity":2000.0,"timestamp":1772552653798},{"is_buyer_maker":true,"price":1.3543,"quantity":1875.8,"timestamp":1772552653798},{"is_buyer_maker":true,"price":1.3541,"quantity":1843.8,"timestamp":1772552653798},{"is_buyer_maker":true,"price":1.3543,"quantity":326.2,"timestamp":1772552653798},{"is_buyer_maker":false,"price":1.3547,"quantity":2000.0,"timestamp":1772552653798},{"is_buyer_maker":true,"price":1.3543,"quantity":1875.8,"timestamp":1772552653798},{"is_buyer_maker":true,"price":1.3541,"quantity":1843.8,"timestamp":1772552653798},{"is_buyer_maker":true,"price":1.3543,"quantity":326.2,"timestamp":1772552653798},{"is_buyer_maker":false,"price":1.3547,"quantity":2000.0,"timestamp":1772552653798},{"is_buyer_maker":true,"price":1.3543,"quantity":1875.8,"timestamp":1772552653798},{"is_buyer_maker":true,"price":1.3541,"quantity":1843.8,"timestamp":1772552653798},{"is_buyer_maker":true,"price":1.3543,"quantity":326.2,"timestamp":1772552653798},{"is_buyer_maker":false,"price":1.3547,"quantity":2000.0,"timestamp":1772552653798},{"is_buyer_maker":true,"price":1.3543,"quantity":1875.8,"timestamp":1772552653798},{"is_buyer_maker":true,"price":1.3541,"quantity":1843.8,"timestamp":1772552653798},{"is_buyer_maker":true,"price":1.3543,"quantity":326.2,"timestamp":1772552653798},{"is_buyer_maker":false,"price":1.3547,"quantity":2000.0,"timestamp":1772552653798},{"is_buyer_maker":true,"price":1.3543,"quantity":1875.8,"timestamp":1772552653798},{"is_buyer_maker":true,"price":1.3541,"quantity":1843.8,"timestamp":1772552653798},{"is_buyer_maker":true,"price":1.3543,"quantity":326.2,"timestamp":1772552653798},{"is_buyer_maker":false,"price":1.3547,"quantity":2000.0,"timestamp":1772552653798},{"is_buyer_maker":true,"price":1.3543,"quantity":1875.8,"timestamp":1772552653798},{"is_buyer_maker":true,"price":1.3541,"quantity":1843.8,"timestamp":1772552653798},{"is_buyer_maker":true,"price":1.3543,"quantity":326.2,"timestamp":1772552653798},{"is_buyer_maker":false,"price":1.3547,"quantity":2000.0,"timestamp":1772552653798},{"is_buyer_maker":true,"price":1.3543,"quantity":1875.8,"timestamp":1772552653798},{"is_buyer_maker":true,"price":1.3541,"quantity":1843.8,"timestamp":1772552653798},{"is_buyer_maker":true,"price":1.3543,"quantity":326.2,"timestamp":1772552653798},{"is_buyer_maker":false,"price":1.3547,"quantity":2000.0,"timestamp":1772552653798},{"is_buyer_maker":true,"price":1.3543,"quantity":1875.8,"timestamp":1772552653798},{"is_buyer_maker":true,"price":1.3541,"quantity":1843.8,"timestamp":1772552653798},{"is_buyer_maker":true,"price":1.3546,"quantity":2372.6,"timestamp":1772552653799},{"is_buyer_maker":false,"price":1.3547,"quantity":44582.7,"timestamp":1772552653805},{"is_buyer_maker":true,"price":1.3546,"quantity":14.7,"timestamp":1772552653809},{"is_buyer_maker":false,"price":1.3547,"quantity":5.0,"timestamp":1772552653809},{"is_buyer_maker":true,"price":1.3547,"quantity":14.4,"timestamp":1772552653809},{"is_buyer_maker":true,"price":1.3546,"quantity":14.7,"timestamp":1772552653809},{"is_buyer_maker":false,"price":1.3547,"quantity":5.0,"timestamp":1772552653809},{"is_buyer_maker":true,"price":1.3547,"quantity":14.4,"timestamp":1772552653809},{"is_buyer_maker":true,"price":1.3546,"quantity":14.7,"timestamp":1772552653809},{"is_buyer_maker":false,"price":1.3547,"quantity":5.0,"timestamp":1772552653809},{"is_buyer_maker":true,"price":1.3547,"quantity":14.4,"timestamp":1772552653809},{"is_buyer_maker":true,"price":1.3546,"quantity":14.7,"timestamp":1772552653809},{"is_buyer_maker":false,"price":1.3547,"quantity":5.0,"timestamp":1772552653809},{"is_buyer_maker":true,"price":1.3547,"quantity":14.4,"timestamp":1772552653809},{"is_buyer_maker":true,"price":1.3546,"quantity":14.7,"timestamp":1772552653809},{"is_buyer_maker":false,"price":1.3547,"quantity":5.0,"timestamp":1772552653809},{"is_buyer_maker":true,"price":1.3547,"quantity":14.4,"timestamp":1772552653809},{"is_buyer_maker":true,"price":1.3546,"quantity":14.7,"timestamp":1772552653809},{"is_buyer_maker":false,"price":1.3547,"quantity":5.0,"timestamp":1772552653809},{"is_buyer_maker":true,"price":1.3547,"quantity":14.4,"timestamp":1772552653809},{"is_buyer_maker":true,"price":1.3546,"quantity":14.7,"timestamp":1772552653809},{"is_buyer_maker":false,"price":1.3547,"quantity":5.0,"timestamp":1772552653809},{"is_buyer_maker":true,"price":1.3547,"quantity":14.4,"timestamp":1772552653809},{"is_buyer_maker":true,"price":1.3546,"quantity":14.7,"timestamp":1772552653809},{"is_buyer_maker":false,"price":1.3547,"quantity":5.0,"timestamp":1772552653809},{"is_buyer_maker":true,"price":1.3547,"quantity":14.4,"timestamp":1772552653809},{"is_buyer_maker":true,"price":1.3546,"quantity":14.7,"timestamp":1772552653809},{"is_buyer_maker":false,"price":1.3547,"quantity":5.0,"timestamp":1772552653809},{"is_buyer_maker":true,"price":1.3547,"quantity":14.4,"timestamp":1772552653809},{"is_buyer_maker":true,"price":1.3546,"quantity":14.7,"timestamp":1772552653809},{"is_buyer_maker":false,"price":1.3547,"quantity":5.0,"timestamp":1772552653809},{"is_buyer_maker":true,"price":1.3547,"quantity":14.4,"timestamp":1772552653809},{"is_buyer_maker":true,"price":1.3546,"quantity":14.7,"timestamp":1772552653809},{"is_buyer_maker":false,"price":1.3547,"quantity":5.0,"timestamp":1772552653809},{"is_buyer_maker":true,"price":1.3547,"quantity":14.4,"timestamp":1772552653809},{"is_buyer_maker":true,"price":1.3546,"quantity":14.7,"timestamp":1772552653809},{"is_buyer_maker":false,"price":1.3547,"quantity":5.0,"timestamp":1772552653809},{"is_buyer_maker":true,"price":1.3547,"quantity":14.4,"timestamp":1772552653809},{"is_buyer_maker":true,"price":1.3546,"quantity":14.7,"timestamp":1772552653809},{"is_buyer_maker":false,"price":1.3547,"quantity":5.0,"timestamp":1772552653809},{"is_buyer_maker":true,"price":1.3547,"quantity":14.4,"timestamp":1772552653809},{"is_buyer_maker":true,"price":1.3546,"quantity":14.7,"timestamp":1772552653809},{"is_buyer_maker":false,"price":1.3547,"quantity":5.0,"timestamp":1772552653809},{"is_buyer_maker":true,"price":1.3547,"quantity":14.4,"timestamp":1772552653809},{"is_buyer_maker":true,"price":1.3546,"quantity":14.7,"timestamp":1772552653809},{"is_buyer_maker":false,"price":1.3547,"quantity":5.0,"timestamp":1772552653809},{"is_buyer_maker":true,"price":1.3547,"quantity":14.4,"timestamp":1772552653809},{"is_buyer_maker":true,"price":1.3546,"quantity":14.7,"timestamp":1772552653809},{"is_buyer_maker":false,"price":1.3547,"quantity":5.0,"timestamp":1772552653809},{"is_buyer_maker":true,"price":1.3547,"quantity":14.4,"timestamp":1772552653809},{"is_buyer_maker":true,"price":1.3546,"quantity":14.7,"timestamp":1772552653809},{"is_buyer_maker":false,"price":1.3547,"quantity":5.0,"timestamp":1772552653809},{"is_buyer_maker":true,"price":1.3547,"quantity":14.4,"timestamp":1772552653809},{"is_buyer_maker":true,"price":1.3546,"quantity":14.7,"timestamp":1772552653809},{"is_buyer_maker":false,"price":1.3547,"quantity":5.0,"timestamp":1772552653809},{"is_buyer_maker":true,"price":1.3547,"quantity":14.4,"timestamp":1772552653809},{"is_buyer_maker":true,"price":1.3546,"quantity":14.7,"timestamp":1772552653809},{"is_buyer_maker":false,"price":1.3547,"quantity":5.0,"timestamp":1772552653809},{"is_buyer_maker":true,"price":1.3547,"quantity":14.4,"timestamp":1772552653809},{"is_buyer_maker":false,"price":1.3548,"quantity":15.5,"timestamp":1772552653821},{"is_buyer_maker":true,"price":1.3548,"quantity":2520.7,"timestamp":1772552653824},{"is_buyer_maker":false,"price":1.3549,"quantity":9857.5,"timestamp":1772552653907},{"is_buyer_maker":false,"price":1.355,"quantity":7352.0,"timestamp":1772552653907},{"is_buyer_maker":false,"price":1.3549,"quantity":9857.5,"timestamp":1772552653907},{"is_buyer_maker":false,"price":1.355,"quantity":7352.0,"timestamp":1772552653907},{"is_buyer_maker":false,"price":1.3549,"quantity":9857.5,"timestamp":1772552653907},{"is_buyer_maker":false,"price":1.355,"quantity":7352.0,"timestamp":1772552653907},{"is_buyer_maker":false,"price":1.3549,"quantity":9857.5,"timestamp":1772552653907},{"is_buyer_maker":false,"price":1.355,"quantity":7352.0,"timestamp":1772552653907},{"is_buyer_maker":false,"price":1.3549,"quantity":9857.5,"timestamp":1772552653907},{"is_buyer_maker":false,"price":1.355,"quantity":7352.0,"timestamp":1772552653907},{"is_buyer_maker":false,"price":1.3549,"quantity":9857.5,"timestamp":1772552653907},{"is_buyer_maker":false,"price":1.355,"quantity":7352.0,"timestamp":1772552653907},{"is_buyer_maker":false,"price":1.3549,"quantity":9857.5,"timestamp":1772552653907},{"is_buyer_maker":false,"price":1.355,"quantity":7352.0,"timestamp":1772552653907},{"is_buyer_maker":false,"price":1.3549,"quantity":9857.5,"timestamp":1772552653907},{"is_buyer_maker":false,"price":1.355,"quantity":7352.0,"timestamp":1772552653907},{"is_buyer_maker":false,"price":1.3549,"quantity":9857.5,"timestamp":1772552653907},{"is_buyer_maker":false,"price":1.355,"quantity":7352.0,"timestamp":1772552653907},{"is_buyer_maker":false,"price":1.3549,"quantity":9857.5,"timestamp":1772552653907},{"is_buyer_maker":false,"price":1.355,"quantity":7352.0,"timestamp":1772552653907},{"is_buyer_maker":false,"price":1.3549,"quantity":9857.5,"timestamp":1772552653907},{"is_buyer_maker":false,"price":1.355,"quantity":7352.0,"timestamp":1772552653907},{"is_buyer_maker":false,"price":1.3549,"quantity":9857.5,"timestamp":1772552653907},{"is_buyer_maker":false,"price":1.355,"quantity":7352.0,"timestamp":1772552653907},{"is_buyer_maker":false,"price":1.3549,"quantity":9857.5,"timestamp":1772552653907},{"is_buyer_maker":false,"price":1.355,"quantity":7352.0,"timestamp":1772552653907},{"is_buyer_maker":false,"price":1.3549,"quantity":9857.5,"timestamp":1772552653907},{"is_buyer_maker":false,"price":1.355,"quantity":7352.0,"timestamp":1772552653907},{"is_buyer_maker":false,"price":1.3549,"quantity":9857.5,"timestamp":1772552653907},{"is_buyer_maker":false,"price":1.355,"quantity":7352.0,"timestamp":1772552653907},{"is_buyer_maker":false,"price":1.3549,"quantity":9857.5,"timestamp":1772552653907},{"is_buyer_maker":false,"price":1.355,"quantity":7352.0,"timestamp":1772552653907},{"is_buyer_maker":false,"price":1.3549,"quantity":9857.5,"timestamp":1772552653907},{"is_buyer_maker":false,"price":1.355,"quantity":7352.0,"timestamp":1772552653907},{"is_buyer_maker":false,"price":1.3549,"quantity":9857.5,"timestamp":1772552653907},{"is_buyer_maker":false,"price":1.355,"quantity":7352.0,"timestamp":1772552653907},{"is_buyer_maker":false,"price":1.3549,"quantity":9857.5,"timestamp":1772552653907},{"is_buyer_maker":false,"price":1.355,"quantity":7352.0,"timestamp":1772552653907},{"is_buyer_maker":true,"price":1.3549,"quantity":3225.9,"timestamp":1772552653912},{"is_buyer_maker":false,"price":1.355,"quantity":2404.2,"timestamp":1772552654081},{"is_buyer_maker":true,"price":1.3549,"quantity":38304.1,"timestamp":1772552654228},{"is_buyer_maker":true,"price":1.3548,"quantity":4.5,"timestamp":1772552654302},{"is_buyer_maker":false,"price":1.3549,"quantity":5160.5,"timestamp":1772552654371},{"is_buyer_maker":false,"price":1.355,"quantity":7067.3,"timestamp":1772552654371},{"is_buyer_maker":false,"price":1.3549,"quantity":5160.5,"timestamp":1772552654371},{"is_buyer_maker":false,"price":1.355,"quantity":7067.3,"timestamp":1772552654371},{"is_buyer_maker":false,"price":1.3549,"quantity":5160.5,"timestamp":1772552654371},{"is_buyer_maker":false,"price":1.355,"quantity":7067.3,"timestamp":1772552654371},{"is_buyer_maker":false,"price":1.3549,"quantity":5160.5,"timestamp":1772552654371},{"is_buyer_maker":false,"price":1.355,"quantity":7067.3,"timestamp":1772552654371},{"is_buyer_maker":false,"price":1.3549,"quantity":5160.5,"timestamp":1772552654371},{"is_buyer_maker":false,"price":1.355,"quantity":7067.3,"timestamp":1772552654371},{"is_buyer_maker":false,"price":1.3549,"quantity":5160.5,"timestamp":1772552654371},{"is_buyer_maker":false,"price":1.355,"quantity":7067.3,"timestamp":1772552654371},{"is_buyer_maker":false,"price":1.3549,"quantity":5160.5,"timestamp":1772552654371},{"is_buyer_maker":false,"price":1.355,"quantity":7067.3,"timestamp":1772552654371},{"is_buyer_maker":false,"price":1.3549,"quantity":5160.5,"timestamp":1772552654371},{"is_buyer_maker":false,"price":1.355,"quantity":7067.3,"timestamp":1772552654371},{"is_buyer_maker":false,"price":1.3549,"quantity":5160.5,"timestamp":1772552654371},{"is_buyer_maker":false,"price":1.355,"quantity":7067.3,"timestamp":1772552654371},{"is_buyer_maker":false,"price":1.3549,"quantity":5160.5,"timestamp":1772552654371},{"is_buyer_maker":false,"price":1.355,"quantity":7067.3,"timestamp":1772552654371},{"is_buyer_maker":false,"price":1.3549,"quantity":5160.5,"timestamp":1772552654371},{"is_buyer_maker":false,"price":1.355,"quantity":7067.3,"timestamp":1772552654371},{"is_buyer_maker":false,"price":1.3549,"quantity":5160.5,"timestamp":1772552654371},{"is_buyer_maker":false,"price":1.355,"quantity":7067.3,"timestamp":1772552654371},{"is_buyer_maker":false,"price":1.3549,"quantity":5160.5,"timestamp":1772552654371},{"is_buyer_maker":false,"price":1.355,"quantity":7067.3,"timestamp":1772552654371},{"is_buyer_maker":false,"price":1.3549,"quantity":5160.5,"timestamp":1772552654371},{"is_buyer_maker":false,"price":1.355,"quantity":7067.3,"timestamp":1772552654371},{"is_buyer_maker":false,"price":1.3549,"quantity":5160.5,"timestamp":1772552654371},{"is_buyer_maker":false,"price":1.355,"quantity":7067.3,"timestamp":1772552654371},{"is_buyer_maker":false,"price":1.3549,"quantity":5160.5,"timestamp":1772552654371},{"is_buyer_maker":false,"price":1.355,"quantity":7067.3,"timestamp":1772552654371},{"is_buyer_maker":false,"price":1.3549,"quantity":5160.5,"timestamp":1772552654371},{"is_buyer_maker":false,"price":1.355,"quantity":7067.3,"timestamp":1772552654371},{"is_buyer_maker":false,"price":1.3549,"quantity":5160.5,"timestamp":1772552654371},{"is_buyer_maker":false,"price":1.355,"quantity":7067.3,"timestamp":1772552654371},{"is_buyer_maker":false,"price":1.3549,"quantity":5160.5,"timestamp":1772552654371},{"is_buyer_maker":false,"price":1.355,"quantity":7067.3,"timestamp":1772552654371},{"is_buyer_maker":false,"price":1.3549,"quantity":11.7,"timestamp":1772552654374},{"is_buyer_maker":true,"price":1.3549,"quantity":2277.9,"timestamp":1772552654798},{"is_buyer_maker":true,"price":1.3549,"quantity":8477.4,"timestamp":1772552654998},{"is_buyer_maker":false,"price":1.355,"quantity":14620.8,"timestamp":1772552655085},{"is_buyer_maker":true,"price":1.3549,"quantity":30.4,"timestamp":1772552655124},{"is_buyer_maker":true,"price":1.3549,"quantity":551.9,"timestamp":1772552655749},{"is_buyer_maker":true,"price":1.3548,"quantity":767.8,"timestamp":1772552655753},{"is_buyer_maker":true,"price":1.3547,"quantity":655.0,"timestamp":1772552655814},{"is_buyer_maker":false,"price":1.3548,"quantity":7246.1,"timestamp":1772552655838},{"is_buyer_maker":true,"price":1.3547,"quantity":1148.4,"timestamp":1772552655839},{"is_buyer_maker":false,"price":1.3548,"quantity":23.0,"timestamp":1772552655840},{"is_buyer_maker":false,"price":1.3549,"quantity":251.8,"timestamp":1772552655957},{"is_buyer_maker":true,"price":1.3549,"quantity":7.1,"timestamp":1772552656718},{"is_buyer_maker":true,"price":1.3549,"quantity":1132.6,"timestamp":1772552656833},{"is_buyer_maker":false,"price":1.355,"quantity":2314.8,"timestamp":1772552656837},{"is_buyer_maker":true,"price":1.3549,"quantity":36.7,"timestamp":1772552657103},{"is_buyer_maker":false,"price":1.355,"quantity":1399.3,"timestamp":1772552657126},{"is_buyer_maker":true,"price":1.355,"quantity":3045.1,"timestamp":1772552657365},{"is_buyer_maker":true,"price":1.3549,"quantity":2916.5,"timestamp":1772552657367},{"is_buyer_maker":true,"price":1.3549,"quantity":36.9,"timestamp":1772552657500},{"is_buyer_maker":false,"price":1.355,"quantity":8.4,"timestamp":1772552657702},{"is_buyer_maker":true,"price":1.3549,"quantity":1414.1,"timestamp":1772552657763},{"is_buyer_maker":false,"price":1.355,"quantity":166.8,"timestamp":1772552657775},{"is_buyer_maker":true,"price":1.3549,"quantity":985.6,"timestamp":1772552657884},{"is_buyer_maker":true,"price":1.3548,"quantity":43.0,"timestamp":1772552657889},{"is_buyer_maker":true,"price":1.3547,"quantity":3129.0,"timestamp":1772552658296},{"is_buyer_maker":true,"price":1.3546,"quantity":119.2,"timestamp":1772552658348},{"is_buyer_maker":true,"price":1.3546,"quantity":121.6,"timestamp":1772552658449},{"is_buyer_maker":true,"price":1.3546,"quantity":1101.6,"timestamp":1772552658693},{"is_buyer_maker":false,"price":1.3547,"quantity":150.6,"timestamp":1772552658851},{"is_buyer_maker":true,"price":1.3546,"quantity":5.6,"timestamp":1772552658938},{"is_buyer_maker":false,"price":1.3547,"quantity":5436.0,"timestamp":1772552659327},{"is_buyer_maker":false,"price":1.3548,"quantity":17066.9,"timestamp":1772552659327},{"is_buyer_maker":false,"price":1.3547,"quantity":5436.0,"timestamp":1772552659327},{"is_buyer_maker":false,"price":1.3548,"quantity":17066.9,"timestamp":1772552659327},{"is_buyer_maker":false,"price":1.3547,"quantity":5436.0,"timestamp":1772552659327},{"is_buyer_maker":false,"price":1.3548,"quantity":17066.9,"timestamp":1772552659327},{"is_buyer_maker":false,"price":1.3547,"quantity":5436.0,"timestamp":1772552659327},{"is_buyer_maker":false,"price":1.3548,"quantity":17066.9,"timestamp":1772552659327},{"is_buyer_maker":false,"price":1.3547,"quantity":5436.0,"timestamp":1772552659327},{"is_buyer_maker":false,"price":1.3548,"quantity":17066.9,"timestamp":1772552659327},{"is_buyer_maker":false,"price":1.3547,"quantity":5436.0,"timestamp":1772552659327},{"is_buyer_maker":false,"price":1.3548,"quantity":17066.9,"timestamp":1772552659327},{"is_buyer_maker":false,"price":1.3547,"quantity":5436.0,"timestamp":1772552659327},{"is_buyer_maker":false,"price":1.3548,"quantity":17066.9,"timestamp":1772552659327},{"is_buyer_maker":false,"price":1.3547,"quantity":5436.0,"timestamp":1772552659327},{"is_buyer_maker":false,"price":1.3548,"quantity":17066.9,"timestamp":1772552659327},{"is_buyer_maker":false,"price":1.3547,"quantity":5436.0,"timestamp":1772552659327},{"is_buyer_maker":false,"price":1.3548,"quantity":17066.9,"timestamp":1772552659327},{"is_buyer_maker":false,"price":1.3547,"quantity":5436.0,"timestamp":1772552659327},{"is_buyer_maker":false,"price":1.3548,"quantity":17066.9,"timestamp":1772552659327},{"is_buyer_maker":false,"price":1.3547,"quantity":5436.0,"timestamp":1772552659327},{"is_buyer_maker":false,"price":1.3548,"quantity":17066.9,"timestamp":1772552659327},{"is_buyer_maker":false,"price":1.3547,"quantity":5436.0,"timestamp":1772552659327},{"is_buyer_maker":false,"price":1.3548,"quantity":17066.9,"timestamp":1772552659327},{"is_buyer_maker":false,"price":1.3547,"quantity":5436.0,"timestamp":1772552659327},{"is_buyer_maker":false,"price":1.3548,"quantity":17066.9,"timestamp":1772552659327},{"is_buyer_maker":false,"price":1.3547,"quantity":5436.0,"timestamp":1772552659327},{"is_buyer_maker":false,"price":1.3548,"quantity":17066.9,"timestamp":1772552659327},{"is_buyer_maker":false,"price":1.3547,"quantity":5436.0,"timestamp":1772552659327},{"is_buyer_maker":false,"price":1.3548,"quantity":17066.9,"timestamp":1772552659327},{"is_buyer_maker":false,"price":1.3547,"quantity":5436.0,"timestamp":1772552659327},{"is_buyer_maker":false,"price":1.3548,"quantity":17066.9,"timestamp":1772552659327},{"is_buyer_maker":false,"price":1.3547,"quantity":5436.0,"timestamp":1772552659327},{"is_buyer_maker":false,"price":1.3548,"quantity":17066.9,"timestamp":1772552659327},{"is_buyer_maker":false,"price":1.3547,"quantity":5436.0,"timestamp":1772552659327},{"is_buyer_maker":false,"price":1.3548,"quantity":17066.9,"timestamp":1772552659327},{"is_buyer_maker":false,"price":1.3547,"quantity":5436.0,"timestamp":1772552659327},{"is_buyer_maker":false,"price":1.3548,"quantity":17066.9,"timestamp":1772552659327},{"is_buyer_maker":true,"price":1.3547,"quantity":76.8,"timestamp":1772552659346},{"is_buyer_maker":false,"price":1.3548,"quantity":2643.4,"timestamp":1772552659347},{"is_buyer_maker":true,"price":1.3548,"quantity":1166.2,"timestamp":1772552659611},{"is_buyer_maker":true,"price":1.3548,"quantity":8.8,"timestamp":1772552659917},{"is_buyer_maker":true,"price":1.3548,"quantity":11.0,"timestamp":1772552660057},{"is_buyer_maker":true,"price":1.3548,"quantity":1071.6,"timestamp":1772552660650},{"is_buyer_maker":true,"price":1.3548,"quantity":410.8,"timestamp":1772552660844},{"is_buyer_maker":true,"price":1.3548,"quantity":2453.6,"timestamp":1772552660954},{"is_buyer_maker":true,"price":1.3547,"quantity":12753.8,"timestamp":1772552661121},{"is_buyer_maker":true,"price":1.3546,"quantity":1123.4,"timestamp":1772552661197},{"is_buyer_maker":false,"price":1.3547,"quantity":342.9,"timestamp":1772552661226},{"is_buyer_maker":true,"price":1.3546,"quantity":3050.7,"timestamp":1772552661526},{"is_buyer_maker":true,"price":1.3545,"quantity":647.4,"timestamp":1772552661553},{"is_buyer_maker":true,"price":1.3544,"quantity":364.9,"timestamp":1772552661795},{"is_buyer_maker":true,"price":1.3543,"quantity":47.1,"timestamp":1772552661833},{"is_buyer_maker":false,"price":1.3544,"quantity":4961.4,"timestamp":1772552662257},{"is_buyer_maker":true,"price":1.3544,"quantity":4.3,"timestamp":1772552662270},{"is_buyer_maker":false,"price":1.3545,"quantity":2419.2,"timestamp":1772552662319},{"is_buyer_maker":false,"price":1.3546,"quantity":887.0,"timestamp":1772552662344},{"is_buyer_maker":false,"price":1.3547,"quantity":122.4,"timestamp":1772552662477},{"is_buyer_maker":true,"price":1.3547,"quantity":1026.9,"timestamp":1772552662523},{"is_buyer_maker":false,"price":1.3548,"quantity":211.4,"timestamp":1772552662592},{"is_buyer_maker":false,"price":1.3549,"quantity":534.2,"timestamp":1772552662630},{"is_buyer_maker":true,"price":1.3548,"quantity":1360.1,"timestamp":1772552662942},{"is_buyer_maker":true,"price":1.3548,"quantity":10.9,"timestamp":1772552663345},{"is_buyer_maker":false,"price":1.3548,"quantity":8.8,"timestamp":1772552663693},{"is_buyer_maker":true,"price":1.3547,"quantity":303.5,"timestamp":1772552663954},{"is_buyer_maker":true,"price":1.3547,"quantity":225.1,"timestamp":1772552664162},{"is_buyer_maker":true,"price":1.3547,"quantity":78.8,"timestamp":1772552664400},{"is_buyer_maker":true,"price":1.3547,"quantity":784.3,"timestamp":1772552665084},{"is_buyer_maker":false,"price":1.3548,"quantity":5.0,"timestamp":1772552665340},{"is_buyer_maker":true,"price":1.3547,"quantity":57.5,"timestamp":1772552665412},{"is_buyer_maker":false,"price":1.3547,"quantity":4504.1,"timestamp":1772552665917},{"is_buyer_maker":false,"price":1.3548,"quantity":3097.0,"timestamp":1772552666041},{"is_buyer_maker":false,"price":1.3549,"quantity":680.5,"timestamp":1772552666771},{"is_buyer_maker":false,"price":1.355,"quantity":7345.8,"timestamp":1772552667161},{"is_buyer_maker":false,"price":1.3551,"quantity":431.1,"timestamp":1772552667167},{"is_buyer_maker":false,"price":1.3552,"quantity":1114.6,"timestamp":1772552667167},{"is_buyer_maker":false,"price":1.3551,"quantity":431.1,"timestamp":1772552667167},{"is_buyer_maker":false,"price":1.3552,"quantity":1114.6,"timestamp":1772552667167},{"is_buyer_maker":false,"price":1.3551,"quantity":431.1,"timestamp":1772552667167},{"is_buyer_maker":false,"price":1.3552,"quantity":1114.6,"timestamp":1772552667167},{"is_buyer_maker":false,"price":1.3551,"quantity":431.1,"timestamp":1772552667167},{"is_buyer_maker":false,"price":1.3552,"quantity":1114.6,"timestamp":1772552667167},{"is_buyer_maker":false,"price":1.3551,"quantity":431.1,"timestamp":1772552667167},{"is_buyer_maker":false,"price":1.3552,"quantity":1114.6,"timestamp":1772552667167},{"is_buyer_maker":false,"price":1.3551,"quantity":431.1,"timestamp":1772552667167},{"is_buyer_maker":false,"price":1.3552,"quantity":1114.6,"timestamp":1772552667167},{"is_buyer_maker":false,"price":1.3551,"quantity":431.1,"timestamp":1772552667167},{"is_buyer_maker":false,"price":1.3552,"quantity":1114.6,"timestamp":1772552667167},{"is_buyer_maker":false,"price":1.3551,"quantity":431.1,"timestamp":1772552667167},{"is_buyer_maker":false,"price":1.3552,"quantity":1114.6,"timestamp":1772552667167},{"is_buyer_maker":false,"price":1.3551,"quantity":431.1,"timestamp":1772552667167},{"is_buyer_maker":false,"price":1.3552,"quantity":1114.6,"timestamp":1772552667167},{"is_buyer_maker":false,"price":1.3551,"quantity":431.1,"timestamp":1772552667167},{"is_buyer_maker":false,"price":1.3552,"quantity":1114.6,"timestamp":1772552667167},{"is_buyer_maker":false,"price":1.3551,"quantity":431.1,"timestamp":1772552667167},{"is_buyer_maker":false,"price":1.3552,"quantity":1114.6,"timestamp":1772552667167},{"is_buyer_maker":false,"price":1.3551,"quantity":431.1,"timestamp":1772552667167},{"is_buyer_maker":false,"price":1.3552,"quantity":1114.6,"timestamp":1772552667167},{"is_buyer_maker":false,"price":1.3551,"quantity":431.1,"timestamp":1772552667167},{"is_buyer_maker":false,"price":1.3552,"quantity":1114.6,"timestamp":1772552667167},{"is_buyer_maker":false,"price":1.3551,"quantity":431.1,"timestamp":1772552667167},{"is_buyer_maker":false,"price":1.3552,"quantity":1114.6,"timestamp":1772552667167},{"is_buyer_maker":false,"price":1.3551,"quantity":431.1,"timestamp":1772552667167},{"is_buyer_maker":false,"price":1.3552,"quantity":1114.6,"timestamp":1772552667167},{"is_buyer_maker":false,"price":1.3551,"quantity":431.1,"timestamp":1772552667167},{"is_buyer_maker":false,"price":1.3552,"quantity":1114.6,"timestamp":1772552667167},{"is_buyer_maker":false,"price":1.3551,"quantity":431.1,"timestamp":1772552667167},{"is_buyer_maker":false,"price":1.3552,"quantity":1114.6,"timestamp":1772552667167},{"is_buyer_maker":false,"price":1.3551,"quantity":431.1,"timestamp":1772552667167},{"is_buyer_maker":false,"price":1.3552,"quantity":1114.6,"timestamp":1772552667167},{"is_buyer_maker":true,"price":1.3551,"quantity":626.9,"timestamp":1772552667208},{"is_buyer_maker":false,"price":1.3552,"quantity":22.4,"timestamp":1772552667288},{"is_buyer_maker":false,"price":1.3553,"quantity":147.6,"timestamp":1772552667532},{"is_buyer_maker":true,"price":1.3552,"quantity":15.1,"timestamp":1772552667710},{"is_buyer_maker":true,"price":1.3552,"quantity":15.4,"timestamp":1772552668327},{"is_buyer_maker":true,"price":1.3551,"quantity":88.5,"timestamp":1772552668512},{"is_buyer_maker":false,"price":1.3552,"quantity":552.5,"timestamp":1772552668582},{"is_buyer_maker":true,"price":1.3551,"quantity":1200.0,"timestamp":1772552668622},{"is_buyer_maker":true,"price":1.3551,"quantity":1588.1,"timestamp":1772552668731},{"is_buyer_maker":true,"price":1.3551,"quantity":118.4,"timestamp":1772552669063},{"is_buyer_maker":false,"price":1.3551,"quantity":7.3,"timestamp":1772552669312},{"is_buyer_maker":false,"price":1.3551,"quantity":44.0,"timestamp":1772552669831},{"is_buyer_maker":true,"price":1.355,"quantity":6.9,"timestamp":1772552670302},{"is_buyer_maker":false,"price":1.3551,"quantity":313.9,"timestamp":1772552670337},{"is_buyer_maker":false,"price":1.3551,"quantity":6089.9,"timestamp":1772552670547},{"is_buyer_maker":true,"price":1.3551,"quantity":1557.0,"timestamp":1772552670942},{"is_buyer_maker":true,"price":1.355,"quantity":4.5,"timestamp":1772552670983},{"is_buyer_maker":true,"price":1.355,"quantity":171.0,"timestamp":1772552671327},{"is_buyer_maker":false,"price":1.3551,"quantity":239.8,"timestamp":1772552671510},{"is_buyer_maker":true,"price":1.355,"quantity":44.8,"timestamp":1772552671656},{"is_buyer_maker":true,"price":1.355,"quantity":3689.7,"timestamp":1772552671872},{"is_buyer_maker":false,"price":1.3551,"quantity":1322.7,"timestamp":1772552672000},{"is_buyer_maker":true,"price":1.355,"quantity":198.7,"timestamp":1772552672250},{"is_buyer_maker":true,"price":1.355,"quantity":51.9,"timestamp":1772552672546},{"is_buyer_maker":false,"price":1.3551,"quantity":2013.1,"timestamp":1772552672778},{"is_buyer_maker":true,"price":1.3551,"quantity":14.7,"timestamp":1772552673227},{"is_buyer_maker":false,"price":1.3552,"quantity":73.8,"timestamp":1772552673238},{"is_buyer_maker":false,"price":1.3552,"quantity":3109.3,"timestamp":1772552673542},{"is_buyer_maker":false,"price":1.3553,"quantity":280.2,"timestamp":1772552673542},{"is_buyer_maker":false,"price":1.3552,"quantity":3109.3,"timestamp":1772552673542},{"is_buyer_maker":false,"price":1.3553,"quantity":280.2,"timestamp":1772552673542},{"is_buyer_maker":false,"price":1.3552,"quantity":3109.3,"timestamp":1772552673542},{"is_buyer_maker":false,"price":1.3553,"quantity":280.2,"timestamp":1772552673542},{"is_buyer_maker":false,"price":1.3552,"quantity":3109.3,"timestamp":1772552673542},{"is_buyer_maker":false,"price":1.3553,"quantity":280.2,"timestamp":1772552673542},{"is_buyer_maker":false,"price":1.3552,"quantity":3109.3,"timestamp":1772552673542},{"is_buyer_maker":false,"price":1.3553,"quantity":280.2,"timestamp":1772552673542},{"is_buyer_maker":false,"price":1.3552,"quantity":3109.3,"timestamp":1772552673542},{"is_buyer_maker":false,"price":1.3553,"quantity":280.2,"timestamp":1772552673542},{"is_buyer_maker":false,"price":1.3552,"quantity":3109.3,"timestamp":1772552673542},{"is_buyer_maker":false,"price":1.3553,"quantity":280.2,"timestamp":1772552673542},{"is_buyer_maker":false,"price":1.3552,"quantity":3109.3,"timestamp":1772552673542},{"is_buyer_maker":false,"price":1.3553,"quantity":280.2,"timestamp":1772552673542},{"is_buyer_maker":false,"price":1.3552,"quantity":3109.3,"timestamp":1772552673542},{"is_buyer_maker":false,"price":1.3553,"quantity":280.2,"timestamp":1772552673542},{"is_buyer_maker":false,"price":1.3552,"quantity":3109.3,"timestamp":1772552673542},{"is_buyer_maker":false,"price":1.3553,"quantity":280.2,"timestamp":1772552673542},{"is_buyer_maker":false,"price":1.3552,"quantity":3109.3,"timestamp":1772552673542},{"is_buyer_maker":false,"price":1.3553,"quantity":280.2,"timestamp":1772552673542},{"is_buyer_maker":false,"price":1.3552,"quantity":3109.3,"timestamp":1772552673542},{"is_buyer_maker":false,"price":1.3553,"quantity":280.2,"timestamp":1772552673542},{"is_buyer_maker":false,"price":1.3552,"quantity":3109.3,"timestamp":1772552673542},{"is_buyer_maker":false,"price":1.3553,"quantity":280.2,"timestamp":1772552673542},{"is_buyer_maker":false,"price":1.3552,"quantity":3109.3,"timestamp":1772552673542},{"is_buyer_maker":false,"price":1.3553,"quantity":280.2,"timestamp":1772552673542},{"is_buyer_maker":false,"price":1.3552,"quantity":3109.3,"timestamp":1772552673542},{"is_buyer_maker":false,"price":1.3553,"quantity":280.2,"timestamp":1772552673542},{"is_buyer_maker":false,"price":1.3552,"quantity":3109.3,"timestamp":1772552673542},{"is_buyer_maker":false,"price":1.3553,"quantity":280.2,"timestamp":1772552673542},{"is_buyer_maker":false,"price":1.3552,"quantity":3109.3,"timestamp":1772552673542},{"is_buyer_maker":false,"price":1.3553,"quantity":280.2,"timestamp":1772552673542},{"is_buyer_maker":false,"price":1.3552,"quantity":3109.3,"timestamp":1772552673542},{"is_buyer_maker":false,"price":1.3553,"quantity":280.2,"timestamp":1772552673542},{"is_buyer_maker":true,"price":1.3552,"quantity":1156.0,"timestamp":1772552673979},{"is_buyer_maker":false,"price":1.3553,"quantity":4686.5,"timestamp":1772552674144},{"is_buyer_maker":false,"price":1.3554,"quantity":1967.0,"timestamp":1772552674354},{"is_buyer_maker":true,"price":1.3554,"quantity":90.9,"timestamp":1772552674497},{"is_buyer_maker":false,"price":1.3555,"quantity":1417.1,"timestamp":1772552674539},{"is_buyer_maker":true,"price":1.3554,"quantity":2758.2,"timestamp":1772552675062},{"is_buyer_maker":false,"price":1.3554,"quantity":3707.6,"timestamp":1772552675727},{"is_buyer_maker":false,"price":1.3555,"quantity":1000.2,"timestamp":1772552675825},{"is_buyer_maker":false,"price":1.3556,"quantity":170.2,"timestamp":1772552675966},{"is_buyer_maker":false,"price":1.3557,"quantity":61.5,"timestamp":1772552675972},{"is_buyer_maker":true,"price":1.3556,"quantity":184.4,"timestamp":1772552676131},{"is_buyer_maker":true,"price":1.3556,"quantity":55.2,"timestamp":1772552676312},{"is_buyer_maker":true,"price":1.3556,"quantity":68.0,"timestamp":1772552676895},{"is_buyer_maker":false,"price":1.3557,"quantity":618.2,"timestamp":1772552677273},{"is_buyer_maker":false,"price":1.3558,"quantity":93.3,"timestamp":1772552678041},{"is_buyer_maker":true,"price":1.3557,"quantity":10807.9,"timestamp":1772552678317},{"is_buyer_maker":true,"price":1.3556,"quantity":1473.7,"timestamp":1772552678595},{"is_buyer_maker":true,"price":1.3556,"quantity":23.9,"timestamp":1772552679022},{"is_buyer_maker":true,"price":1.3555,"quantity":35.4,"timestamp":1772552679040},{"is_buyer_maker":true,"price":1.3554,"quantity":896.4,"timestamp":1772552679159},{"is_buyer_maker":true,"price":1.3554,"quantity":12.6,"timestamp":1772552679479},{"is_buyer_maker":false,"price":1.3555,"quantity":225.8,"timestamp":1772552679818},{"is_buyer_maker":false,"price":1.3555,"quantity":5060.8,"timestamp":1772552680068},{"is_buyer_maker":true,"price":1.3555,"quantity":49.3,"timestamp":1772552680154},{"is_buyer_maker":true,"price":1.3554,"quantity":65.2,"timestamp":1772552680197},{"is_buyer_maker":false,"price":1.3554,"quantity":16076.7,"timestamp":1772552680653},{"is_buyer_maker":true,"price":1.3553,"quantity":227.7,"timestamp":1772552680659},{"is_buyer_maker":false,"price":1.3554,"quantity":4.5,"timestamp":1772552680803},{"is_buyer_maker":false,"price":1.3554,"quantity":195.7,"timestamp":1772552680982},{"is_buyer_maker":false,"price":1.3554,"quantity":5.1,"timestamp":1772552681150},{"is_buyer_maker":true,"price":1.3553,"quantity":97.3,"timestamp":1772552681164},{"is_buyer_maker":false,"price":1.3554,"quantity":712.2,"timestamp":1772552682014},{"is_buyer_maker":false,"price":1.3555,"quantity":2726.6,"timestamp":1772552683021},{"is_buyer_maker":true,"price":1.3554,"quantity":333.5,"timestamp":1772552683213},{"is_buyer_maker":true,"price":1.3553,"quantity":9.4,"timestamp":1772552683311},{"is_buyer_maker":true,"price":1.3553,"quantity":2527.6,"timestamp":1772552683670},{"is_buyer_maker":true,"price":1.3552,"quantity":473.6,"timestamp":1772552683679},{"is_buyer_maker":true,"price":1.3551,"quantity":48.7,"timestamp":1772552683919},{"is_buyer_maker":false,"price":1.3551,"quantity":737.8,"timestamp":1772552684111},{"is_buyer_maker":false,"price":1.3551,"quantity":3977.2,"timestamp":1772552684439},{"is_buyer_maker":false,"price":1.3552,"quantity":157.8,"timestamp":1772552684702},{"is_buyer_maker":false,"price":1.3553,"quantity":258.2,"timestamp":1772552684811},{"is_buyer_maker":true,"price":1.3552,"quantity":28.0,"timestamp":1772552685223},{"is_buyer_maker":false,"price":1.3552,"quantity":513.3,"timestamp":1772552685618},{"is_buyer_maker":true,"price":1.3551,"quantity":2935.9,"timestamp":1772552686019},{"is_buyer_maker":true,"price":1.3551,"quantity":38.1,"timestamp":1772552686812},{"is_buyer_maker":true,"price":1.355,"quantity":771.2,"timestamp":1772552687085},{"is_buyer_maker":true,"price":1.3549,"quantity":2501.5,"timestamp":1772552687703},{"is_buyer_maker":true,"price":1.3548,"quantity":7.4,"timestamp":1772552687864},{"is_buyer_maker":false,"price":1.3549,"quantity":247.8,"timestamp":1772552687874},{"is_buyer_maker":true,"price":1.3548,"quantity":8.6,"timestamp":1772552687938},{"is_buyer_maker":false,"price":1.3549,"quantity":306.9,"timestamp":1772552687984},{"is_buyer_maker":true,"price":1.3548,"quantity":25.0,"timestamp":1772552688082},{"is_buyer_maker":false,"price":1.3549,"quantity":133.0,"timestamp":1772552688397},{"is_buyer_maker":true,"price":1.3548,"quantity":273.0,"timestamp":1772552688635},{"is_buyer_maker":false,"price":1.3549,"quantity":3789.0,"timestamp":1772552688987},{"is_buyer_maker":true,"price":1.3549,"quantity":68.8,"timestamp":1772552690296},{"is_buyer_maker":false,"price":1.355,"quantity":3441.8,"timestamp":1772552690378},{"is_buyer_maker":true,"price":1.355,"quantity":353.8,"timestamp":1772552690886},{"is_buyer_maker":false,"price":1.355,"quantity":19.3,"timestamp":1772552691245},{"is_buyer_maker":false,"price":1.3551,"quantity":31.7,"timestamp":1772552691279},{"is_buyer_maker":false,"price":1.3552,"quantity":1035.2,"timestamp":1772552691300},{"is_buyer_maker":false,"price":1.3553,"quantity":835.5,"timestamp":1772552692244},{"is_buyer_maker":false,"price":1.3554,"quantity":109.7,"timestamp":1772552692290},{"is_buyer_maker":false,"price":1.3555,"quantity":341.8,"timestamp":1772552692372},{"is_buyer_maker":false,"price":1.3556,"quantity":1420.6,"timestamp":1772552692409},{"is_buyer_maker":false,"price":1.3557,"quantity":12517.8,"timestamp":1772552692539},{"is_buyer_maker":true,"price":1.3557,"quantity":177.3,"timestamp":1772552692873},{"is_buyer_maker":false,"price":1.3557,"quantity":4058.1,"timestamp":1772552693316},{"is_buyer_maker":false,"price":1.3558,"quantity":0.7,"timestamp":1772552693350},{"is_buyer_maker":false,"price":1.3558,"quantity":132.0,"timestamp":1772552693728},{"is_buyer_maker":false,"price":1.3558,"quantity":31.0,"timestamp":1772552694127},{"is_buyer_maker":true,"price":1.3558,"quantity":3013.2,"timestamp":1772552694139},{"is_buyer_maker":true,"price":1.3557,"quantity":3134.0,"timestamp":1772552694140},{"is_buyer_maker":false,"price":1.3557,"quantity":9672.5,"timestamp":1772552694192},{"is_buyer_maker":false,"price":1.3558,"quantity":2421.2,"timestamp":1772552694383},{"is_buyer_maker":false,"price":1.3559,"quantity":36.8,"timestamp":1772552695198},{"is_buyer_maker":false,"price":1.3559,"quantity":0.5,"timestamp":1772552695685},{"is_buyer_maker":false,"price":1.3559,"quantity":8000.0,"timestamp":1772552695959},{"is_buyer_maker":false,"price":1.3559,"quantity":5029.5,"timestamp":1772552696161},{"is_buyer_maker":false,"price":1.356,"quantity":1440.7,"timestamp":1772552696167},{"is_buyer_maker":true,"price":1.3559,"quantity":4990.0,"timestamp":1772552696281},{"is_buyer_maker":true,"price":1.3559,"quantity":178.7,"timestamp":1772552696631},{"is_buyer_maker":false,"price":1.3559,"quantity":656.4,"timestamp":1772552696928},{"is_buyer_maker":true,"price":1.3558,"quantity":8.8,"timestamp":1772552697043},{"is_buyer_maker":true,"price":1.3558,"quantity":4458.2,"timestamp":1772552698263},{"is_buyer_maker":true,"price":1.3557,"quantity":19.5,"timestamp":1772552698273},{"is_buyer_maker":false,"price":1.3557,"quantity":1.0,"timestamp":1772552698774},{"is_buyer_maker":true,"price":1.3556,"quantity":5.0,"timestamp":1772552699007},{"is_buyer_maker":true,"price":1.3556,"quantity":36.8,"timestamp":1772552699215},{"is_buyer_maker":true,"price":1.3556,"quantity":8.8,"timestamp":1772552699716},{"is_buyer_maker":false,"price":1.3557,"quantity":15.3,"timestamp":1772552700175},{"is_buyer_maker":true,"price":1.3556,"quantity":887.9,"timestamp":1772552700231},{"is_buyer_maker":true,"price":1.3555,"quantity":2.1,"timestamp":1772552700473},{"is_buyer_maker":false,"price":1.3556,"quantity":2710.8,"timestamp":1772552700498},{"is_buyer_maker":false,"price":1.3557,"quantity":32.4,"timestamp":1772552700522},{"is_buyer_maker":false,"price":1.3557,"quantity":90.7,"timestamp":1772552700656},{"is_buyer_maker":false,"price":1.3558,"quantity":2675.0,"timestamp":1772552700692},{"is_buyer_maker":false,"price":1.3559,"quantity":2445.9,"timestamp":1772552700731},{"is_buyer_maker":false,"price":1.356,"quantity":204.9,"timestamp":1772552700982},{"is_buyer_maker":false,"price":1.3561,"quantity":133.5,"timestamp":1772552701007},{"is_buyer_maker":true,"price":1.356,"quantity":8.3,"timestamp":1772552701433},{"is_buyer_maker":false,"price":1.3561,"quantity":8.8,"timestamp":1772552701504},{"is_buyer_maker":false,"price":1.3561,"quantity":2633.2,"timestamp":1772552701605},{"is_buyer_maker":false,"price":1.3562,"quantity":2617.5,"timestamp":1772552701618},{"is_buyer_maker":false,"price":1.3563,"quantity":2661.1,"timestamp":1772552701677},{"is_buyer_maker":true,"price":1.3563,"quantity":24.0,"timestamp":1772552701779},{"is_buyer_maker":false,"price":1.3564,"quantity":2697.1,"timestamp":1772552701867},{"is_buyer_maker":true,"price":1.3564,"quantity":2084.1,"timestamp":1772552701873},{"is_buyer_maker":true,"price":1.3563,"quantity":4390.2,"timestamp":1772552701946},{"is_buyer_maker":true,"price":1.3562,"quantity":38641.7,"timestamp":1772552701946},{"is_buyer_maker":true,"price":1.3563,"quantity":4390.2,"timestamp":1772552701946},{"is_buyer_maker":true,"price":1.3562,"quantity":38641.7,"timestamp":1772552701946},{"is_buyer_maker":true,"price":1.3563,"quantity":4390.2,"timestamp":1772552701946},{"is_buyer_maker":true,"price":1.3562,"quantity":38641.7,"timestamp":1772552701946},{"is_buyer_maker":true,"price":1.3563,"quantity":4390.2,"timestamp":1772552701946},{"is_buyer_maker":true,"price":1.3562,"quantity":38641.7,"timestamp":1772552701946},{"is_buyer_maker":true,"price":1.3563,"quantity":4390.2,"timestamp":1772552701946},{"is_buyer_maker":true,"price":1.3562,"quantity":38641.7,"timestamp":1772552701946},{"is_buyer_maker":true,"price":1.3563,"quantity":4390.2,"timestamp":1772552701946},{"is_buyer_maker":true,"price":1.3562,"quantity":38641.7,"timestamp":1772552701946},{"is_buyer_maker":true,"price":1.3563,"quantity":4390.2,"timestamp":1772552701946},{"is_buyer_maker":true,"price":1.3562,"quantity":38641.7,"timestamp":1772552701946},{"is_buyer_maker":true,"price":1.3563,"quantity":4390.2,"timestamp":1772552701946},{"is_buyer_maker":true,"price":1.3562,"quantity":38641.7,"timestamp":1772552701946},{"is_buyer_maker":true,"price":1.3563,"quantity":4390.2,"timestamp":1772552701946},{"is_buyer_maker":true,"price":1.3562,"quantity":38641.7,"timestamp":1772552701946},{"is_buyer_maker":true,"price":1.3563,"quantity":4390.2,"timestamp":1772552701946},{"is_buyer_maker":true,"price":1.3562,"quantity":38641.7,"timestamp":1772552701946},{"is_buyer_maker":true,"price":1.3563,"quantity":4390.2,"timestamp":1772552701946},{"is_buyer_maker":true,"price":1.3562,"quantity":38641.7,"timestamp":1772552701946},{"is_buyer_maker":true,"price":1.3563,"quantity":4390.2,"timestamp":1772552701946},{"is_buyer_maker":true,"price":1.3562,"quantity":38641.7,"timestamp":1772552701946},{"is_buyer_maker":true,"price":1.3563,"quantity":4390.2,"timestamp":1772552701946},{"is_buyer_maker":true,"price":1.3562,"quantity":38641.7,"timestamp":1772552701946},{"is_buyer_maker":true,"price":1.3563,"quantity":4390.2,"timestamp":1772552701946},{"is_buyer_maker":true,"price":1.3562,"quantity":38641.7,"timestamp":1772552701946},{"is_buyer_maker":true,"price":1.3563,"quantity":4390.2,"timestamp":1772552701946},{"is_buyer_maker":true,"price":1.3562,"quantity":38641.7,"timestamp":1772552701946},{"is_buyer_maker":true,"price":1.3563,"quantity":4390.2,"timestamp":1772552701946},{"is_buyer_maker":true,"price":1.3562,"quantity":38641.7,"timestamp":1772552701946},{"is_buyer_maker":true,"price":1.3563,"quantity":4390.2,"timestamp":1772552701946},{"is_buyer_maker":true,"price":1.3562,"quantity":38641.7,"timestamp":1772552701946},{"is_buyer_maker":true,"price":1.3562,"quantity":28.1,"timestamp":1772552702470},{"is_buyer_maker":false,"price":1.3563,"quantity":3410.1,"timestamp":1772552702569},{"is_buyer_maker":true,"price":1.3563,"quantity":62.4,"timestamp":1772552702644},{"is_buyer_maker":false,"price":1.3564,"quantity":5493.1,"timestamp":1772552702694},{"is_buyer_maker":false,"price":1.3565,"quantity":3059.0,"timestamp":1772552702719},{"is_buyer_maker":false,"price":1.3565,"quantity":1427.6,"timestamp":1772552702870},{"is_buyer_maker":false,"price":1.3566,"quantity":365.1,"timestamp":1772552702943},{"is_buyer_maker":false,"price":1.3567,"quantity":1502.3,"timestamp":1772552703047},{"is_buyer_maker":true,"price":1.3567,"quantity":15.4,"timestamp":1772552703201},{"is_buyer_maker":true,"price":1.3566,"quantity":70.3,"timestamp":1772552703402},{"is_buyer_maker":false,"price":1.3566,"quantity":7436.0,"timestamp":1772552703417},{"is_buyer_maker":false,"price":1.3567,"quantity":8.5,"timestamp":1772552703568},{"is_buyer_maker":true,"price":1.3566,"quantity":14.9,"timestamp":1772552703687},{"is_buyer_maker":false,"price":1.3567,"quantity":202.2,"timestamp":1772552703725},{"is_buyer_maker":false,"price":1.3568,"quantity":247.1,"timestamp":1772552703740},{"is_buyer_maker":true,"price":1.3568,"quantity":222.3,"timestamp":1772552703747},{"is_buyer_maker":false,"price":1.3569,"quantity":16.2,"timestamp":1772552703855},{"is_buyer_maker":true,"price":1.3568,"quantity":42.4,"timestamp":1772552703887},{"is_buyer_maker":true,"price":1.3567,"quantity":27.6,"timestamp":1772552703906},{"is_buyer_maker":false,"price":1.3567,"quantity":73.5,"timestamp":1772552703950},{"is_buyer_maker":false,"price":1.3567,"quantity":158.9,"timestamp":1772552704113},{"is_buyer_maker":true,"price":1.3566,"quantity":2229.1,"timestamp":1772552704148},{"is_buyer_maker":false,"price":1.3566,"quantity":1077.5,"timestamp":1772552704276},{"is_buyer_maker":false,"price":1.3567,"quantity":517.6,"timestamp":1772552704789},{"is_buyer_maker":false,"price":1.3568,"quantity":1633.6,"timestamp":1772552704791},{"is_buyer_maker":true,"price":1.3567,"quantity":11.8,"timestamp":1772552704838},{"is_buyer_maker":false,"price":1.3568,"quantity":3411.7,"timestamp":1772552704912},{"is_buyer_maker":false,"price":1.3569,"quantity":4094.0,"timestamp":1772552704991},{"is_buyer_maker":false,"price":1.357,"quantity":2806.6,"timestamp":1772552705038},{"is_buyer_maker":false,"price":1.3571,"quantity":3439.3,"timestamp":1772552705111},{"is_buyer_maker":false,"price":1.3572,"quantity":264.5,"timestamp":1772552705188},{"is_buyer_maker":false,"price":1.3573,"quantity":36.8,"timestamp":1772552705265},{"is_buyer_maker":true,"price":1.3572,"quantity":22033.8,"timestamp":1772552705279},{"is_buyer_maker":false,"price":1.3573,"quantity":73.8,"timestamp":1772552705322},{"is_buyer_maker":true,"price":1.3572,"quantity":15.4,"timestamp":1772552705328},{"is_buyer_maker":true,"price":1.3571,"quantity":6799.9,"timestamp":1772552705333},{"is_buyer_maker":true,"price":1.357,"quantity":4443.3,"timestamp":1772552705368},{"is_buyer_maker":true,"price":1.3569,"quantity":7319.8,"timestamp":1772552705389},{"is_buyer_maker":false,"price":1.357,"quantity":3708.6,"timestamp":1772552705661},{"is_buyer_maker":false,"price":1.3571,"quantity":7.2,"timestamp":1772552705670},{"is_buyer_maker":true,"price":1.3571,"quantity":6724.2,"timestamp":1772552705977},{"is_buyer_maker":true,"price":1.357,"quantity":27.6,"timestamp":1772552705994},{"is_buyer_maker":true,"price":1.3569,"quantity":672.5,"timestamp":1772552706058},{"is_buyer_maker":true,"price":1.3568,"quantity":19.5,"timestamp":1772552706096},{"is_buyer_maker":true,"price":1.3567,"quantity":994.1,"timestamp":1772552706155},{"is_buyer_maker":true,"price":1.3566,"quantity":1683.9,"timestamp":1772552706193},{"is_buyer_maker":true,"price":1.3566,"quantity":694.1,"timestamp":1772552706346},{"is_buyer_maker":true,"price":1.3566,"quantity":6730.9,"timestamp":1772552706763},{"is_buyer_maker":true,"price":1.3565,"quantity":130.8,"timestamp":1772552706767}