{"exchange":"binance","symbol":"AVAXUSDT","last_updated":1772553234754,"trades":[{"is_buyer_maker":true,"price":9.08,"quantity":134.0,"timestamp":1772552638154},{"is_buyer_maker":true,"price":9.08,"quantity":53.0,"timestamp":1772552638394},{"is_buyer_maker":true,"price":9.08,"quantity":9.0,"timestamp":1772552638778},{"is_buyer_maker":true,"price":9.08,"quantity":48.0,"timestamp":1772552638991},{"is_buyer_maker":false,"price":9.081,"quantity":14.0,"timestamp":1772552639397},{"is_buyer_maker":true,"price":9.08,"quantity":153.0,"timestamp":1772552639545},{"is_buyer_maker":true,"price":9.08,"quantity":348.0,"timestamp":1772552639720},{"is_buyer_maker":true,"price":9.079,"quantity":12.0,"timestamp":1772552639749},{"is_buyer_maker":true,"price":9.078,"quantity":19.0,"timestamp":1772552639749},{"is_buyer_maker":true,"price":9.079,"quantity":12.0,"timestamp":1772552639749},{"is_buyer_maker":true,"price":9.078,"quantity":19.0,"timestamp":1772552639749},{"is_buyer_maker":true,"price":9.079,"quantity":12.0,"timestamp":1772552639749},{"is_buyer_maker":true,"price":9.078,"quantity":19.0,"timestamp":1772552639749},{"is_buyer_maker":true,"price":9.079,"quantity":12.0,"timestamp":1772552639749},{"is_buyer_maker":true,"price":9.078,"quantity":19.0,"timestamp":1772552639749},{"is_buyer_maker":true,"price":9.079,"quantity":12.0,"timestamp":1772552639749},{"is_buyer_maker":true,"price":9.078,"quantity":19.0,"timestamp":1772552639749},{"is_buyer_maker":true,"price":9.079,"quantity":12.0,"timestamp":1772552639749},{"is_buyer_maker":true,"price":9.078,"quantity":19.0,"timestamp":1772552639749},{"is_buyer_maker":true,"price":9.079,"quantity":12.0,"timestamp":1772552639749},{"is_buyer_maker":true,"price":9.078,"quantity":19.0,"timestamp":1772552639749},{"is_buyer_maker":true,"price":9.079,"quantity":12.0,"timestamp":1772552639749},{"is_buyer_maker":true,"price":9.078,"quantity":19.0,"timestamp":1772552639749},{"is_buyer_maker":true,"price":9.079,"quantity":12.0,"timestamp":1772552639749},{"is_buyer_maker":true,"price":9.078,"quantity":19.0,"timestamp":1772552639749},{"is_buyer_maker":true,"price":9.079,"quantity":12.0,"timestamp":1772552639749},{"is_buyer_maker":true,"price":9.078,"quantity":19.0,"timestamp":1772552639749},{"is_buyer_maker":true,"price":9.079,"quantity":12.0,"timestamp":1772552639749},{"is_buyer_maker":true,"price":9.078,"quantity":19.0,"timestamp":1772552639749},{"is_buyer_maker":true,"price":9.079,"quantity":12.0,"timestamp":1772552639749},{"is_buyer_maker":true,"price":9.078,"quantity":19.0,"timestamp":1772552639749},{"is_buyer_maker":true,"price":9.079,"quantity":12.0,"timestamp":1772552639749},{"is_buyer_maker":true,"price":9.078,"quantity":19.0,"timestamp":1772552639749},{"is_buyer_maker":true,"price":9.079,"quantity":12.0,"timestamp":1772552639749},{"is_buyer_maker":true,"price":9.078,"quantity":19.0,"timestamp":1772552639749},{"is_buyer_maker":true,"price":9.079,"quantity":12.0,"timestamp":1772552639749},{"is_buyer_maker":true,"price":9.078,"quantity":19.0,"timestamp":1772552639749},{"is_buyer_maker":true,"price":9.079,"quantity":12.0,"timestamp":1772552639749},{"is_buyer_maker":true,"price":9.078,"quantity":19.0,"timestamp":1772552639749},{"is_buyer_maker":true,"price":9.079,"quantity":12.0,"timestamp":1772552639749},{"is_buyer_maker":true,"price":9.078,"quantity":19.0,"timestamp":1772552639749},{"is_buyer_maker":true,"price":9.079,"quantity":12.0,"timestamp":1772552639749},{"is_buyer_maker":true,"price":9.078,"quantity":19.0,"timestamp":1772552639749},{"is_buyer_maker":true,"price":9.079,"quantity":12.0,"timestamp":1772552639749},{"is_buyer_maker":true,"price":9.078,"quantity":19.0,"timestamp":1772552639749},{"is_buyer_maker":true,"price":9.078,"quantity":144.0,"timestamp":1772552639966},{"is_buyer_maker":false,"price":9.079,"quantity":148.0,"timestamp":1772552640077},{"is_buyer_maker":true,"price":9.079,"quantity":72.0,"timestamp":1772552640134},{"is_buyer_maker":true,"price":9.079,"quantity":2.0,"timestamp":1772552640468},{"is_buyer_maker":true,"price":9.078,"quantity":60.0,"timestamp":1772552640647},{"is_buyer_maker":true,"price":9.078,"quantity":74.0,"timestamp":1772552640833},{"is_buyer_maker":false,"price":9.079,"quantity":2.0,"timestamp":1772552640915},{"is_buyer_maker":true,"price":9.078,"quantity":67.0,"timestamp":1772552641181},{"is_buyer_maker":true,"price":9.077,"quantity":17.0,"timestamp":1772552641181},{"is_buyer_maker":true,"price":9.078,"quantity":67.0,"timestamp":1772552641181},{"is_buyer_maker":true,"price":9.077,"quantity":17.0,"timestamp":1772552641181},{"is_buyer_maker":true,"price":9.078,"quantity":67.0,"timestamp":1772552641181},{"is_buyer_maker":true,"price":9.077,"quantity":17.0,"timestamp":1772552641181},{"is_buyer_maker":true,"price":9.078,"quantity":67.0,"timestamp":1772552641181},{"is_buyer_maker":true,"price":9.077,"quantity":17.0,"timestamp":1772552641181},{"is_buyer_maker":true,"price":9.078,"quantity":67.0,"timestamp":1772552641181},{"is_buyer_maker":true,"price":9.077,"quantity":17.0,"timestamp":1772552641181},{"is_buyer_maker":true,"price":9.078,"quantity":67.0,"timestamp":1772552641181},{"is_buyer_maker":true,"price":9.077,"quantity":17.0,"timestamp":1772552641181},{"is_buyer_maker":true,"price":9.078,"quantity":67.0,"timestamp":1772552641181},{"is_buyer_maker":true,"price":9.077,"quantity":17.0,"timestamp":1772552641181},{"is_buyer_maker":true,"price":9.078,"quantity":67.0,"timestamp":1772552641181},{"is_buyer_maker":true,"price":9.077,"quantity":17.0,"timestamp":1772552641181},{"is_buyer_maker":true,"price":9.078,"quantity":67.0,"timestamp":1772552641181},{"is_buyer_maker":true,"price":9.077,"quantity":17.0,"timestamp":1772552641181},{"is_buyer_maker":true,"price":9.078,"quantity":67.0,"timestamp":1772552641181},{"is_buyer_maker":true,"price":9.077,"quantity":17.0,"timestamp":1772552641181},{"is_buyer_maker":true,"price":9.078,"quantity":67.0,"timestamp":1772552641181},{"is_buyer_maker":true,"price":9.077,"quantity":17.0,"timestamp":1772552641181},{"is_buyer_maker":true,"price":9.078,"quantity":67.0,"timestamp":1772552641181},{"is_buyer_maker":true,"price":9.077,"quantity":17.0,"timestamp":1772552641181},{"is_buyer_maker":true,"price":9.078,"quantity":67.0,"timestamp":1772552641181},{"is_buyer_maker":true,"price":9.077,"quantity":17.0,"timestamp":1772552641181},{"is_buyer_maker":true,"price":9.078,"quantity":67.0,"timestamp":1772552641181},{"is_buyer_maker":true,"price":9.077,"quantity":17.0,"timestamp":1772552641181},{"is_buyer_maker":true,"price":9.078,"quantity":67.0,"timestamp":1772552641181},{"is_buyer_maker":true,"price":9.077,"quantity":17.0,"timestamp":1772552641181},{"is_buyer_maker":true,"price":9.078,"quantity":67.0,"timestamp":1772552641181},{"is_buyer_maker":true,"price":9.077,"quantity":17.0,"timestamp":1772552641181},{"is_buyer_maker":true,"price":9.078,"quantity":67.0,"timestamp":1772552641181},{"is_buyer_maker":true,"price":9.077,"quantity":17.0,"timestamp":1772552641181},{"is_buyer_maker":true,"price":9.078,"quantity":67.0,"timestamp":1772552641181},{"is_buyer_maker":true,"price":9.077,"quantity":17.0,"timestamp":1772552641181},{"is_buyer_maker":true,"price":9.078,"quantity":67.0,"timestamp":1772552641181},{"is_buyer_maker":true,"price":9.077,"quantity":17.0,"timestamp":1772552641181},{"is_buyer_maker":true,"price":9.077,"quantity":11.0,"timestamp":1772552641293},{"is_buyer_maker":true,"price":9.077,"quantity":148.0,"timestamp":1772552641750},{"is_buyer_maker":true,"price":9.077,"quantity":59.0,"timestamp":1772552641922},{"is_buyer_maker":false,"price":9.078,"quantity":44.0,"timestamp":1772552642343},{"is_buyer_maker":true,"price":9.078,"quantity":2.0,"timestamp":1772552642705},{"is_buyer_maker":false,"price":9.078,"quantity":9.0,"timestamp":1772552642882},{"is_buyer_maker":true,"price":9.077,"quantity":16.0,"timestamp":1772552642911},{"is_buyer_maker":true,"price":9.076,"quantity":238.0,"timestamp":1772552642911},{"is_buyer_maker":true,"price":9.077,"quantity":16.0,"timestamp":1772552642911},{"is_buyer_maker":true,"price":9.076,"quantity":238.0,"timestamp":1772552642911},{"is_buyer_maker":true,"price":9.077,"quantity":16.0,"timestamp":1772552642911},{"is_buyer_maker":true,"price":9.076,"quantity":238.0,"timestamp":1772552642911},{"is_buyer_maker":true,"price":9.077,"quantity":16.0,"timestamp":1772552642911},{"is_buyer_maker":true,"price":9.076,"quantity":238.0,"timestamp":1772552642911},{"is_buyer_maker":true,"price":9.077,"quantity":16.0,"timestamp":1772552642911},{"is_buyer_maker":true,"price":9.076,"quantity":238.0,"timestamp":1772552642911},{"is_buyer_maker":true,"price":9.077,"quantity":16.0,"timestamp":1772552642911},{"is_buyer_maker":true,"price":9.076,"quantity":238.0,"timestamp":1772552642911},{"is_buyer_maker":true,"price":9.077,"quantity":16.0,"timestamp":1772552642911},{"is_buyer_maker":true,"price":9.076,"quantity":238.0,"timestamp":1772552642911},{"is_buyer_maker":true,"price":9.077,"quantity":16.0,"timestamp":1772552642911},{"is_buyer_maker":true,"price":9.076,"quantity":238.0,"timestamp":1772552642911},{"is_buyer_maker":true,"price":9.077,"quantity":16.0,"timestamp":1772552642911},{"is_buyer_maker":true,"price":9.076,"quantity":238.0,"timestamp":1772552642911},{"is_buyer_maker":true,"price":9.077,"quantity":16.0,"timestamp":1772552642911},{"is_buyer_maker":true,"price":9.076,"quantity":238.0,"timestamp":1772552642911},{"is_buyer_maker":true,"price":9.077,"quantity":16.0,"timestamp":1772552642911},{"is_buyer_maker":true,"price":9.076,"quantity":238.0,"timestamp":1772552642911},{"is_buyer_maker":true,"price":9.077,"quantity":16.0,"timestamp":1772552642911},{"is_buyer_maker":true,"price":9.076,"quantity":238.0,"timestamp":1772552642911},{"is_buyer_maker":true,"price":9.077,"quantity":16.0,"timestamp":1772552642911},{"is_buyer_maker":true,"price":9.076,"quantity":238.0,"timestamp":1772552642911},{"is_buyer_maker":true,"price":9.077,"quantity":16.0,"timestamp":1772552642911},{"is_buyer_maker":true,"price":9.076,"quantity":238.0,"timestamp":1772552642911},{"is_buyer_maker":true,"price":9.077,"quantity":16.0,"timestamp":1772552642911},{"is_buyer_maker":true,"price":9.076,"quantity":238.0,"timestamp":1772552642911},{"is_buyer_maker":true,"price":9.077,"quantity":16.0,"timestamp":1772552642911},{"is_buyer_maker":true,"price":9.076,"quantity":238.0,"timestamp":1772552642911},{"is_buyer_maker":true,"price":9.077,"quantity":16.0,"timestamp":1772552642911},{"is_buyer_maker":true,"price":9.076,"quantity":238.0,"timestamp":1772552642911},{"is_buyer_maker":true,"price":9.077,"quantity":16.0,"timestamp":1772552642911},{"is_buyer_maker":true,"price":9.076,"quantity":238.0,"timestamp":1772552642911},{"is_buyer_maker":true,"price":9.077,"quantity":16.0,"timestamp":1772552642911},{"is_buyer_maker":true,"price":9.076,"quantity":238.0,"timestamp":1772552642911},{"is_buyer_maker":true,"price":9.076,"quantity":24.0,"timestamp":1772552643018},{"is_buyer_maker":true,"price":9.075,"quantity":61.0,"timestamp":1772552643020},{"is_buyer_maker":true,"price":9.074,"quantity":26.0,"timestamp":1772552643020},{"is_buyer_maker":true,"price":9.075,"quantity":61.0,"timestamp":1772552643020},{"is_buyer_maker":true,"price":9.074,"quantity":26.0,"timestamp":1772552643020},{"is_buyer_maker":true,"price":9.075,"quantity":61.0,"timestamp":1772552643020},{"is_buyer_maker":true,"price":9.074,"quantity":26.0,"timestamp":1772552643020},{"is_buyer_maker":true,"price":9.075,"quantity":61.0,"timestamp":1772552643020},{"is_buyer_maker":true,"price":9.074,"quantity":26.0,"timestamp":1772552643020},{"is_buyer_maker":true,"price":9.075,"quantity":61.0,"timestamp":1772552643020},{"is_buyer_maker":true,"price":9.074,"quantity":26.0,"timestamp":1772552643020},{"is_buyer_maker":true,"price":9.075,"quantity":61.0,"timestamp":1772552643020},{"is_buyer_maker":true,"price":9.074,"quantity":26.0,"timestamp":1772552643020},{"is_buyer_maker":true,"price":9.075,"quantity":61.0,"timestamp":1772552643020},{"is_buyer_maker":true,"price":9.074,"quantity":26.0,"timestamp":1772552643020},{"is_buyer_maker":true,"price":9.075,"quantity":61.0,"timestamp":1772552643020},{"is_buyer_maker":true,"price":9.074,"quantity":26.0,"timestamp":1772552643020},{"is_buyer_maker":true,"price":9.075,"quantity":61.0,"timestamp":1772552643020},{"is_buyer_maker":true,"price":9.074,"quantity":26.0,"timestamp":1772552643020},{"is_buyer_maker":true,"price":9.075,"quantity":61.0,"timestamp":1772552643020},{"is_buyer_maker":true,"price":9.074,"quantity":26.0,"timestamp":1772552643020},{"is_buyer_maker":true,"price":9.075,"quantity":61.0,"timestamp":1772552643020},{"is_buyer_maker":true,"price":9.074,"quantity":26.0,"timestamp":1772552643020},{"is_buyer_maker":true,"price":9.075,"quantity":61.0,"timestamp":1772552643020},{"is_buyer_maker":true,"price":9.074,"quantity":26.0,"timestamp":1772552643020},{"is_buyer_maker":true,"price":9.075,"quantity":61.0,"timestamp":1772552643020},{"is_buyer_maker":true,"price":9.074,"quantity":26.0,"timestamp":1772552643020},{"is_buyer_maker":true,"price":9.075,"quantity":61.0,"timestamp":1772552643020},{"is_buyer_maker":true,"price":9.074,"quantity":26.0,"timestamp":1772552643020},{"is_buyer_maker":true,"price":9.075,"quantity":61.0,"timestamp":1772552643020},{"is_buyer_maker":true,"price":9.074,"quantity":26.0,"timestamp":1772552643020},{"is_buyer_maker":true,"price":9.075,"quantity":61.0,"timestamp":1772552643020},{"is_buyer_maker":true,"price":9.074,"quantity":26.0,"timestamp":1772552643020},{"is_buyer_maker":true,"price":9.075,"quantity":61.0,"timestamp":1772552643020},{"is_buyer_maker":true,"price":9.074,"quantity":26.0,"timestamp":1772552643020},{"is_buyer_maker":true,"price":9.075,"quantity":61.0,"timestamp":1772552643020},{"is_buyer_maker":true,"price":9.074,"quantity":26.0,"timestamp":1772552643020},{"is_buyer_maker":true,"price":9.075,"quantity":61.0,"timestamp":1772552643020},{"is_buyer_maker":true,"price":9.074,"quantity":26.0,"timestamp":1772552643020},{"is_buyer_maker":true,"price":9.075,"quantity":2.0,"timestamp":1772552643023},{"is_buyer_maker":false,"price":9.075,"quantity":100.0,"timestamp":1772552643511},{"is_buyer_maker":false,"price":9.076,"quantity":377.0,"timestamp":1772552643736},{"is_buyer_maker":false,"price":9.077,"quantity":7.0,"timestamp":1772552643796},{"is_buyer_maker":false,"price":9.078,"quantity":144.0,"timestamp":1772552644931},{"is_buyer_maker":true,"price":9.078,"quantity":1.0,"timestamp":1772552645411},{"is_buyer_maker":false,"price":9.079,"quantity":134.0,"timestamp":1772552645500},{"is_buyer_maker":false,"price":9.08,"quantity":403.0,"timestamp":1772552645505},{"is_buyer_maker":false,"price":9.081,"quantity":10.0,"timestamp":1772552645756},{"is_buyer_maker":false,"price":9.082,"quantity":2.0,"timestamp":1772552645766},{"is_buyer_maker":false,"price":9.082,"quantity":2.0,"timestamp":1772552645878},{"is_buyer_maker":true,"price":9.081,"quantity":2.0,"timestamp":1772552646093},{"is_buyer_maker":false,"price":9.081,"quantity":3.0,"timestamp":1772552646541},{"is_buyer_maker":true,"price":9.081,"quantity":2.0,"timestamp":1772552646865},{"is_buyer_maker":false,"price":9.081,"quantity":2.0,"timestamp":1772552647206},{"is_buyer_maker":true,"price":9.081,"quantity":2.0,"timestamp":1772552647538},{"is_buyer_maker":true,"price":9.08,"quantity":2.0,"timestamp":1772552647592},{"is_buyer_maker":false,"price":9.08,"quantity":2.0,"timestamp":1772552647612},{"is_buyer_maker":false,"price":9.08,"quantity":22.0,"timestamp":1772552648233},{"is_buyer_maker":true,"price":9.08,"quantity":14.0,"timestamp":1772552648823},{"is_buyer_maker":true,"price":9.08,"quantity":4.0,"timestamp":1772552649736},{"is_buyer_maker":true,"price":9.079,"quantity":2065.0,"timestamp":1772552650792},{"is_buyer_maker":true,"price":9.078,"quantity":7.0,"timestamp":1772552651410},{"is_buyer_maker":true,"price":9.077,"quantity":179.0,"timestamp":1772552651871},{"is_buyer_maker":false,"price":9.077,"quantity":2.0,"timestamp":1772552652516},{"is_buyer_maker":true,"price":9.077,"quantity":30.0,"timestamp":1772552652571},{"is_buyer_maker":true,"price":9.077,"quantity":2.0,"timestamp":1772552652971},{"is_buyer_maker":true,"price":9.076,"quantity":3.0,"timestamp":1772552653128},{"is_buyer_maker":true,"price":9.075,"quantity":19.0,"timestamp":1772552653476},{"is_buyer_maker":true,"price":9.074,"quantity":98.0,"timestamp":1772552653476},{"is_buyer_maker":true,"price":9.075,"quantity":19.0,"timestamp":1772552653476},{"is_buyer_maker":true,"price":9.074,"quantity":98.0,"timestamp":1772552653476},{"is_buyer_maker":true,"price":9.075,"quantity":19.0,"timestamp":1772552653476},{"is_buyer_maker":true,"price":9.074,"quantity":98.0,"timestamp":1772552653476},{"is_buyer_maker":true,"price":9.075,"quantity":19.0,"timestamp":1772552653476},{"is_buyer_maker":true,"price":9.074,"quantity":98.0,"timestamp":1772552653476},{"is_buyer_maker":true,"price":9.075,"quantity":19.0,"timestamp":1772552653476},{"is_buyer_maker":true,"price":9.074,"quantity":98.0,"timestamp":1772552653476},{"is_buyer_maker":true,"price":9.075,"quantity":19.0,"timestamp":1772552653476},{"is_buyer_maker":true,"price":9.074,"quantity":98.0,"timestamp":1772552653476},{"is_buyer_maker":true,"price":9.075,"quantity":19.0,"timestamp":1772552653476},{"is_buyer_maker":true,"price":9.074,"quantity":98.0,"timestamp":1772552653476},{"is_buyer_maker":true,"price":9.075,"quantity":19.0,"timestamp":1772552653476},{"is_buyer_maker":true,"price":9.074,"quantity":98.0,"timestamp":1772552653476},{"is_buyer_maker":true,"price":9.075,"quantity":19.0,"timestamp":1772552653476},{"is_buyer_maker":true,"price":9.074,"quantity":98.0,"timestamp":1772552653476},{"is_buyer_maker":true,"price":9.075,"quantity":19.0,"timestamp":1772552653476},{"is_buyer_maker":true,"price":9.074,"quantity":98.0,"timestamp":1772552653476},{"is_buyer_maker":true,"price":9.075,"quantity":19.0,"timestamp":1772552653476},{"is_buyer_maker":true,"price":9.074,"quantity":98.0,"timestamp":1772552653476},{"is_buyer_maker":true,"price":9.075,"quantity":19.0,"timestamp":1772552653476},{"is_buyer_maker":true,"price":9.074,"quantity":98.0,"timestamp":1772552653476},{"is_buyer_maker":true,"price":9.075,"quantity":19.0,"timestamp":1772552653476},{"is_buyer_maker":true,"price":9.074,"quantity":98.0,"timestamp":1772552653476},{"is_buyer_maker":true,"price":9.075,"quantity":19.0,"timestamp":1772552653476},{"is_buyer_maker":true,"price":9.074,"quantity":98.0,"timestamp":1772552653476},{"is_buyer_maker":true,"price":9.075,"quantity":19.0,"timestamp":1772552653476},{"is_buyer_maker":true,"price":9.074,"quantity":98.0,"timestamp":1772552653476},{"is_buyer_maker":true,"price":9.075,"quantity":19.0,"timestamp":1772552653476},{"is_buyer_maker":true,"price":9.074,"quantity":98.0,"timestamp":1772552653476},{"is_buyer_maker":true,"price":9.075,"quantity":19.0,"timestamp":1772552653476},{"is_buyer_maker":true,"price":9.074,"quantity":98.0,"timestamp":1772552653476},{"is_buyer_maker":true,"price":9.075,"quantity":19.0,"timestamp":1772552653476},{"is_buyer_maker":true,"price":9.074,"quantity":98.0,"timestamp":1772552653476},{"is_buyer_maker":true,"price":9.075,"quantity":19.0,"timestamp":1772552653476},{"is_buyer_maker":true,"price":9.074,"quantity":98.0,"timestamp":1772552653476},{"is_buyer_maker":true,"price":9.073,"quantity":23.0,"timestamp":1772552653507},{"is_buyer_maker":true,"price":9.072,"quantity":44.0,"timestamp":1772552655750},{"is_buyer_maker":true,"price":9.071,"quantity":126.0,"timestamp":1772552657975},{"is_buyer_maker":true,"price":9.07,"quantity":19.0,"timestamp":1772552658794},{"is_buyer_maker":true,"price":9.069,"quantity":25.0,"timestamp":1772552658819},{"is_buyer_maker":false,"price":9.069,"quantity":121.0,"timestamp":1772552659346},{"is_buyer_maker":true,"price":9.069,"quantity":2.0,"timestamp":1772552659842},{"is_buyer_maker":false,"price":9.07,"quantity":2.0,"timestamp":1772552659935},{"is_buyer_maker":true,"price":9.069,"quantity":337.0,"timestamp":1772552659953},{"is_buyer_maker":true,"price":9.069,"quantity":9.0,"timestamp":1772552660986},{"is_buyer_maker":true,"price":9.068,"quantity":11.0,"timestamp":1772552661254},{"is_buyer_maker":true,"price":9.068,"quantity":48.0,"timestamp":1772552661522},{"is_buyer_maker":true,"price":9.067,"quantity":18.0,"timestamp":1772552661736},{"is_buyer_maker":true,"price":9.066,"quantity":46.0,"timestamp":1772552661833},{"is_buyer_maker":false,"price":9.066,"quantity":27.0,"timestamp":1772552662235},{"is_buyer_maker":false,"price":9.067,"quantity":19.0,"timestamp":1772552662265},{"is_buyer_maker":false,"price":9.068,"quantity":4.0,"timestamp":1772552662350},{"is_buyer_maker":false,"price":9.069,"quantity":14.0,"timestamp":1772552662465},{"is_buyer_maker":false,"price":9.07,"quantity":17.0,"timestamp":1772552662496},{"is_buyer_maker":false,"price":9.071,"quantity":27.0,"timestamp":1772552662516},{"is_buyer_maker":false,"price":9.071,"quantity":1.0,"timestamp":1772552662736},{"is_buyer_maker":true,"price":9.07,"quantity":1.0,"timestamp":1772552663693},{"is_buyer_maker":true,"price":9.07,"quantity":1.0,"timestamp":1772552665185},{"is_buyer_maker":true,"price":9.07,"quantity":25.0,"timestamp":1772552665373},{"is_buyer_maker":false,"price":9.07,"quantity":18.0,"timestamp":1772552665993},{"is_buyer_maker":false,"price":9.071,"quantity":210.0,"timestamp":1772552666046},{"is_buyer_maker":true,"price":9.071,"quantity":33.0,"timestamp":1772552667266},{"is_buyer_maker":false,"price":9.072,"quantity":750.0,"timestamp":1772552667338},{"is_buyer_maker":false,"price":9.073,"quantity":2.0,"timestamp":1772552670336},{"is_buyer_maker":false,"price":9.073,"quantity":33.0,"timestamp":1772552670523},{"is_buyer_maker":false,"price":9.074,"quantity":24.0,"timestamp":1772552670874},{"is_buyer_maker":false,"price":9.074,"quantity":2.0,"timestamp":1772552671017},{"is_buyer_maker":true,"price":9.073,"quantity":106.0,"timestamp":1772552671513},{"is_buyer_maker":true,"price":9.072,"quantity":71.0,"timestamp":1772552671572},{"is_buyer_maker":false,"price":9.072,"quantity":106.0,"timestamp":1772552672778},{"is_buyer_maker":false,"price":9.073,"quantity":10.0,"timestamp":1772552673337},{"is_buyer_maker":false,"price":9.073,"quantity":33.0,"timestamp":1772552673468},{"is_buyer_maker":true,"price":9.073,"quantity":63.0,"timestamp":1772552673946},{"is_buyer_maker":false,"price":9.074,"quantity":44.0,"timestamp":1772552673997},{"is_buyer_maker":false,"price":9.075,"quantity":64.0,"timestamp":1772552674174},{"is_buyer_maker":true,"price":9.075,"quantity":45.0,"timestamp":1772552674895},{"is_buyer_maker":true,"price":9.074,"quantity":7.0,"timestamp":1772552675137},{"is_buyer_maker":false,"price":9.074,"quantity":45.0,"timestamp":1772552675730},{"is_buyer_maker":false,"price":9.075,"quantity":9.0,"timestamp":1772552676928},{"is_buyer_maker":false,"price":9.076,"quantity":5.0,"timestamp":1772552677812},{"is_buyer_maker":true,"price":9.075,"quantity":2.0,"timestamp":1772552678453},{"is_buyer_maker":true,"price":9.075,"quantity":45.0,"timestamp":1772552679389},{"is_buyer_maker":false,"price":9.075,"quantity":2.0,"timestamp":1772552679806},{"is_buyer_maker":true,"price":9.074,"quantity":8.0,"timestamp":1772552680334},{"is_buyer_maker":false,"price":9.074,"quantity":2.0,"timestamp":1772552682780},{"is_buyer_maker":true,"price":9.073,"quantity":24.0,"timestamp":1772552683739},{"is_buyer_maker":false,"price":9.073,"quantity":40.0,"timestamp":1772552683774},{"is_buyer_maker":true,"price":9.072,"quantity":1.0,"timestamp":1772552685850},{"is_buyer_maker":false,"price":9.073,"quantity":46.0,"timestamp":1772552686408},{"is_buyer_maker":true,"price":9.073,"quantity":2.0,"timestamp":1772552686745},{"is_buyer_maker":true,"price":9.072,"quantity":4.0,"timestamp":1772552687352},{"is_buyer_maker":true,"price":9.071,"quantity":8.0,"timestamp":1772552687729},{"is_buyer_maker":false,"price":9.071,"quantity":16.0,"timestamp":1772552688943},{"is_buyer_maker":false,"price":9.072,"quantity":97.0,"timestamp":1772552689589},{"is_buyer_maker":true,"price":9.072,"quantity":10.0,"timestamp":1772552689795},{"is_buyer_maker":true,"price":9.072,"quantity":2.0,"timestamp":1772552690872},{"is_buyer_maker":false,"price":9.072,"quantity":10.0,"timestamp":1772552691300},{"is_buyer_maker":true,"price":9.072,"quantity":2.0,"timestamp":1772552691837},{"is_buyer_maker":false,"price":9.072,"quantity":26.0,"timestamp":1772552692176},{"is_buyer_maker":false,"price":9.073,"quantity":14.0,"timestamp":1772552692245},{"is_buyer_maker":false,"price":9.074,"quantity":41.0,"timestamp":1772552692386},{"is_buyer_maker":false,"price":9.075,"quantity":21.0,"timestamp":1772552692623},{"is_buyer_maker":true,"price":9.075,"quantity":1670.0,"timestamp":1772552692960},{"is_buyer_maker":false,"price":9.075,"quantity":2.0,"timestamp":1772552693707},{"is_buyer_maker":true,"price":9.075,"quantity":2.0,"timestamp":1772552694020},{"is_buyer_maker":false,"price":9.075,"quantity":36.0,"timestamp":1772552694115},{"is_buyer_maker":true,"price":9.075,"quantity":138.0,"timestamp":1772552694137},{"is_buyer_maker":true,"price":9.074,"quantity":4.0,"timestamp":1772552694174},{"is_buyer_maker":false,"price":9.074,"quantity":352.0,"timestamp":1772552694194},{"is_buyer_maker":false,"price":9.075,"quantity":2.0,"timestamp":1772552694298},{"is_buyer_maker":false,"price":9.076,"quantity":58.0,"timestamp":1772552694388},{"is_buyer_maker":true,"price":9.075,"quantity":4.0,"timestamp":1772552694440},{"is_buyer_maker":false,"price":9.076,"quantity":156.0,"timestamp":1772552696109},{"is_buyer_maker":false,"price":9.077,"quantity":49.0,"timestamp":1772552696118},{"is_buyer_maker":false,"price":9.078,"quantity":41.0,"timestamp":1772552696125},{"is_buyer_maker":true,"price":9.077,"quantity":579.0,"timestamp":1772552696339},{"is_buyer_maker":false,"price":9.077,"quantity":13.0,"timestamp":1772552696503},{"is_buyer_maker":true,"price":9.076,"quantity":2.0,"timestamp":1772552696529},{"is_buyer_maker":true,"price":9.075,"quantity":117.0,"timestamp":1772552698257},{"is_buyer_maker":true,"price":9.074,"quantity":3.0,"timestamp":1772552698311},{"is_buyer_maker":true,"price":9.073,"quantity":4.0,"timestamp":1772552698362},{"is_buyer_maker":false,"price":9.073,"quantity":64.0,"timestamp":1772552699453},{"is_buyer_maker":false,"price":9.074,"quantity":2.0,"timestamp":1772552699628},{"is_buyer_maker":true,"price":9.073,"quantity":1.0,"timestamp":1772552699718},{"is_buyer_maker":true,"price":9.073,"quantity":3.0,"timestamp":1772552700215},{"is_buyer_maker":true,"price":9.072,"quantity":3.0,"timestamp":1772552700382},{"is_buyer_maker":false,"price":9.073,"quantity":2.0,"timestamp":1772552700488},{"is_buyer_maker":false,"price":9.074,"quantity":79.0,"timestamp":1772552700731},{"is_buyer_maker":true,"price":9.074,"quantity":118.0,"timestamp":1772552701392},{"is_buyer_maker":false,"price":9.075,"quantity":84.0,"timestamp":1772552701532},{"is_buyer_maker":true,"price":9.075,"quantity":1.0,"timestamp":1772552701558},{"is_buyer_maker":false,"price":9.076,"quantity":40.0,"timestamp":1772552701619},{"is_buyer_maker":true,"price":9.076,"quantity":2.0,"timestamp":1772552701754},{"is_buyer_maker":false,"price":9.077,"quantity":123.0,"timestamp":1772552702204},{"is_buyer_maker":false,"price":9.078,"quantity":215.0,"timestamp":1772552702239},{"is_buyer_maker":false,"price":9.079,"quantity":372.0,"timestamp":1772552702716},{"is_buyer_maker":false,"price":9.08,"quantity":16.0,"timestamp":1772552702944},{"is_buyer_maker":false,"price":9.081,"quantity":15.0,"timestamp":1772552703106},{"is_buyer_maker":false,"price":9.082,"quantity":7.0,"timestamp":1772552703519},{"is_buyer_maker":false,"price":9.082,"quantity":1.0,"timestamp":1772552703917},{"is_buyer_maker":true,"price":9.081,"quantity":130.0,"timestamp":1772552704167},{"is_buyer_maker":false,"price":9.081,"quantity":5.0,"timestamp":1772552704386},{"is_buyer_maker":false,"price":9.082,"quantity":180.0,"timestamp":1772552704982},{"is_buyer_maker":false,"price":9.083,"quantity":158.0,"timestamp":1772552704986},{"is_buyer_maker":false,"price":9.084,"quantity":180.0,"timestamp":1772552705000},{"is_buyer_maker":false,"price":9.085,"quantity":20.0,"timestamp":1772552705000},{"is_buyer_maker":false,"price":9.084,"quantity":180.0,"timestamp":1772552705000},{"is_buyer_maker":false,"price":9.085,"quantity":20.0,"timestamp":1772552705000},{"is_buyer_maker":false,"price":9.084,"quantity":180.0,"timestamp":1772552705000},{"is_buyer_maker":false,"price":9.085,"quantity":20.0,"timestamp":1772552705000},{"is_buyer_maker":false,"price":9.084,"quantity":180.0,"timestamp":1772552705000},{"is_buyer_maker":false,"price":9.085,"quantity":20.0,"timestamp":1772552705000},{"is_buyer_maker":false,"price":9.084,"quantity":180.0,"timestamp":1772552705000},{"is_buyer_maker":false,"price":9.085,"quantity":20.0,"timestamp":1772552705000},{"is_buyer_maker":false,"price":9.084,"quantity":180.0,"timestamp":1772552705000},{"is_buyer_maker":false,"price":9.085,"quantity":20.0,"timestamp":1772552705000},{"is_buyer_maker":false,"price":9.084,"quantity":180.0,"timestamp":1772552705000},{"is_buyer_maker":false,"price":9.085,"quantity":20.0,"timestamp":1772552705000},{"is_buyer_maker":false,"price":9.084,"quantity":180.0,"timestamp":1772552705000},{"is_buyer_maker":false,"price":9.085,"quantity":20.0,"timestamp":1772552705000},{"is_buyer_maker":false,"price":9.084,"quantity":180.0,"timestamp":1772552705000},{"is_buyer_maker":false,"price":9.085,"quantity":20.0,"timestamp":1772552705000},{"is_buyer_maker":false,"price":9.084,"quantity":180.0,"timestamp":1772552705000},{"is_buyer_maker":false,"price":9.085,"quantity":20.0,"timestamp":1772552705000},{"is_buyer_maker":false,"price":9.084,"quantity":180.0,"timestamp":1772552705000},{"is_buyer_maker":false,"price":9.085,"quantity":20.0,"timestamp":1772552705000},{"is_buyer_maker":false,"price":9.084,"quantity":180.0,"timestamp":1772552705000},{"is_buyer_maker":false,"price":9.085,"quantity":20.0,"timestamp":1772552705000},{"is_buyer_maker":false,"price":9.084,"quantity":180.0,"timestamp":1772552705000},{"is_buyer_maker":false,"price":9.085,"quantity":20.0,"timestamp":1772552705000},{"is_buyer_maker":false,"price":9.084,"quantity":180.0,"timestamp":1772552705000},{"is_buyer_maker":false,"price":9.085,"quantity":20.0,"timestamp":1772552705000},{"is_buyer_maker":false,"price":9.084,"quantity":180.0,"timestamp":1772552705000},{"is_buyer_maker":false,"price":9.085,"quantity":20.0,"timestamp":1772552705000},{"is_buyer_maker":false,"price":9.084,"quantity":180.0,"timestamp":1772552705000},{"is_buyer_maker":false,"price":9.085,"quantity":20.0,"timestamp":1772552705000},{"is_buyer_maker":false,"price":9.084,"quantity":180.0,"timestamp":1772552705000},{"is_buyer_maker":false,"price":9.085,"quantity":20.0,"timestamp":1772552705000},{"is_buyer_maker":false,"price":9.084,"quantity":29.0,"timestamp":1772552705023},{"is_buyer_maker":false,"price":9.085,"quantity":71.0,"timestamp":1772552705023},{"is_buyer_maker":false,"price":9.084,"quantity":29.0,"timestamp":1772552705023},{"is_buyer_maker":false,"price":9.085,"quantity":71.0,"timestamp":1772552705023},{"is_buyer_maker":false,"price":9.084,"quantity":29.0,"timestamp":1772552705023},{"is_buyer_maker":false,"price":9.085,"quantity":71.0,"timestamp":1772552705023},{"is_buyer_maker":false,"price":9.084,"quantity":29.0,"timestamp":1772552705023},{"is_buyer_maker":false,"price":9.085,"quantity":71.0,"timestamp":1772552705023},{"is_buyer_maker":false,"price":9.084,"quantity":29.0,"timestamp":1772552705023},{"is_buyer_maker":false,"price":9.085,"quantity":71.0,"timestamp":1772552705023},{"is_buyer_maker":false,"price":9.084,"quantity":29.0,"timestamp":1772552705023},{"is_buyer_maker":false,"price":9.085,"quantity":71.0,"timestamp":1772552705023},{"is_buyer_maker":false,"price":9.084,"quantity":29.0,"timestamp":1772552705023},{"is_buyer_maker":false,"price":9.085,"quantity":71.0,"timestamp":1772552705023},{"is_buyer_maker":false,"price":9.084,"quantity":29.0,"timestamp":1772552705023},{"is_buyer_maker":false,"price":9.085,"quantity":71.0,"timestamp":1772552705023},{"is_buyer_maker":false,"price":9.084,"quantity":29.0,"timestamp":1772552705023},{"is_buyer_maker":false,"price":9.085,"quantity":71.0,"timestamp":1772552705023},{"is_buyer_maker":false,"price":9.084,"quantity":29.0,"timestamp":1772552705023},{"is_buyer_maker":false,"price":9.085,"quantity":71.0,"timestamp":1772552705023},{"is_buyer_maker":false,"price":9.084,"quantity":29.0,"timestamp":1772552705023},{"is_buyer_maker":false,"price":9.085,"quantity":71.0,"timestamp":1772552705023},{"is_buyer_maker":false,"price":9.084,"quantity":29.0,"timestamp":1772552705023},{"is_buyer_maker":false,"price":9.085,"quantity":71.0,"timestamp":1772552705023},{"is_buyer_maker":false,"price":9.084,"quantity":29.0,"timestamp":1772552705023},{"is_buyer_maker":false,"price":9.085,"quantity":71.0,"timestamp":1772552705023},{"is_buyer_maker":false,"price":9.084,"quantity":29.0,"timestamp":1772552705023},{"is_buyer_maker":false,"price":9.085,"quantity":71.0,"timestamp":1772552705023},{"is_buyer_maker":false,"price":9.084,"quantity":29.0,"timestamp":1772552705023},{"is_buyer_maker":false,"price":9.085,"quantity":71.0,"timestamp":1772552705023},{"is_buyer_maker":false,"price":9.084,"quantity":29.0,"timestamp":1772552705023},{"is_buyer_maker":false,"price":9.085,"quantity":71.0,"timestamp":1772552705023},{"is_buyer_maker":false,"price":9.084,"quantity":29.0,"timestamp":1772552705023},{"is_buyer_maker":false,"price":9.085,"quantity":71.0,"timestamp":1772552705023},{"is_buyer_maker":false,"price":9.085,"quantity":7.0,"timestamp":1772552705125},{"is_buyer_maker":true,"price":9.085,"quantity":70.0,"timestamp":1772552705385},{"is_buyer_maker":false,"price":9.085,"quantity":11.0,"timestamp":1772552705466},{"is_buyer_maker":false,"price":9.085,"quantity":2.0,"timestamp":1772552705590},{"is_buyer_maker":false,"price":9.086,"quantity":301.0,"timestamp":1772552705676},{"is_buyer_maker":true,"price":9.086,"quantity":79.0,"timestamp":1772552706039},{"is_buyer_maker":false,"price":9.086,"quantity":1.0,"timestamp":1772552706052},{"is_buyer_maker":true,"price":9.085,"quantity":190.0,"timestamp":1772552706074},{"is_buyer_maker":true,"price":9.084,"quantity":3.0,"timestamp":1772552706166},{"is_buyer_maker":false,"price":9.084,"quantity":2.0,"timestamp":1772552706219},{"is_buyer_maker":false,"price":9.085,"quantity":146.0,"timestamp":1772552706522},{"is_buyer_maker":true,"price":9.085,"quantity":15.0,"timestamp":1772552706663},{"is_buyer_maker":true,"price":9.084,"quantity":2.0,"timestamp":1772552706711},{"is_buyer_maker":true,"price":9.083,"quantity":17.0,"timestamp":1772552706766},{"is_buyer_maker":true,"price":9.082,"quantity":8.0,"timestamp":1772552706847},{"is_buyer_maker":false,"price":9.082,"quantity":11.0,"timestamp":1772552706973},{"is_buyer_maker":false,"price":9.082,"quantity":2.0,"timestamp":1772552707222},{"is_buyer_maker":true,"price":9.082,"quantity":12.0,"timestamp":1772552707270},{"is_buyer_maker":false,"price":9.083,"quantity":28.0,"timestamp":1772552707512},{"is_buyer_maker":true,"price":9.082,"quantity":4.0,"timestamp":1772552707572},{"is_buyer_maker":true,"price":9.081,"quantity":37.0,"timestamp":1772552707882},{"is_buyer_maker":true,"price":9.08,"quantity":8.0,"timestamp":1772552708385},{"is_buyer_maker":false,"price":9.08,"quantity":3.0,"timestamp":1772552708413},{"is_buyer_maker":false,"price":9.08,"quantity":6.0,"timestamp":1772552708701},{"is_buyer_maker":false,"price":9.081,"quantity":2.0,"timestamp":1772552708809},{"is_buyer_maker":true,"price":9.081,"quantity":74.0,"timestamp":1772552710058},{"is_buyer_maker":true,"price":9.08,"quantity":4.0,"timestamp":1772552710143},{"is_buyer_maker":true,"price":9.079,"quantity":10.0,"timestamp":1772552710585},{"is_buyer_maker":false,"price":9.079,"quantity":2.0,"timestamp":1772552711212},{"is_buyer_maker":false,"price":9.08,"quantity":5.0,"timestamp":1772552711240},{"is_buyer_maker":false,"price":9.081,"quantity":3.0,"timestamp":1772552711240},{"is_buyer_maker":false,"price":9.08,"quantity":5.0,"timestamp":1772552711240},{"is_buyer_maker":false,"price":9.081,"quantity":3.0,"timestamp":1772552711240},{"is_buyer_maker":false,"price":9.08,"quantity":5.0,"timestamp":1772552711240},{"is_buyer_maker":false,"price":9.081,"quantity":3.0,"timestamp":1772552711240},{"is_buyer_maker":false,"price":9.08,"quantity":5.0,"timestamp":1772552711240},{"is_buyer_maker":false,"price":9.081,"quantity":3.0,"timestamp":1772552711240},{"is_buyer_maker":false,"price":9.08,"quantity":5.0,"timestamp":1772552711240},{"is_buyer_maker":false,"price":9.081,"quantity":3.0,"timestamp":1772552711240},{"is_buyer_maker":false,"price":9.08,"quantity":5.0,"timestamp":1772552711240},{"is_buyer_maker":false,"price":9.081,"quantity":3.0,"timestamp":1772552711240},{"is_buyer_maker":false,"price":9.08,"quantity":5.0,"timestamp":1772552711240},{"is_buyer_maker":false,"price":9.081,"quantity":3.0,"timestamp":1772552711240},{"is_buyer_maker":false,"price":9.08,"quantity":5.0,"timestamp":1772552711240},{"is_buyer_maker":false,"price":9.081,"quantity":3.0,"timestamp":1772552711240},{"is_buyer_maker":false,"price":9.08,"quantity":5.0,"timestamp":1772552711240},{"is_buyer_maker":false,"price":9.081,"quantity":3.0,"timestamp":1772552711240},{"is_buyer_maker":false,"price":9.08,"quantity":5.0,"timestamp":1772552711240},{"is_buyer_maker":false,"price":9.081,"quantity":3.0,"timestamp":1772552711240},{"is_buyer_maker":false,"price":9.08,"quantity":5.0,"timestamp":1772552711240},{"is_buyer_maker":false,"price":9.081,"quantity":3.0,"timestamp":1772552711240},{"is_buyer_maker":false,"price":9.08,"quantity":5.0,"timestamp":1772552711240},{"is_buyer_maker":false,"price":9.081,"quantity":3.0,"timestamp":1772552711240},{"is_buyer_maker":false,"price":9.08,"quantity":5.0,"timestamp":1772552711240},{"is_buyer_maker":false,"price":9.081,"quantity":3.0,"timestamp":1772552711240},{"is_buyer_maker":false,"price":9.08,"quantity":5.0,"timestamp":1772552711240},{"is_buyer_maker":false,"price":9.081,"quantity":3.0,"timestamp":1772552711240},{"is_buyer_maker":false,"price":9.08,"quantity":5.0,"timestamp":1772552711240},{"is_buyer_maker":false,"price":9.081,"quantity":3.0,"timestamp":1772552711240},{"is_buyer_maker":false,"price":9.08,"quantity":5.0,"timestamp":1772552711240},{"is_buyer_maker":false,"price":9.081,"quantity":3.0,"timestamp":1772552711240},{"is_buyer_maker":false,"price":9.08,"quantity":5.0,"timestamp":1772552711240},{"is_buyer_maker":false,"price":9.081,"quantity":3.0,"timestamp":1772552711240},{"is_buyer_maker":true,"price":9.08,"quantity":1.0,"timestamp":1772552711483},{"is_buyer_maker":false,"price":9.081,"quantity":33.0,"timestamp":1772552711616},{"is_buyer_maker":false,"price":9.081,"quantity":97.0,"timestamp":1772552712168},{"is_buyer_maker":false,"price":9.082,"quantity":13.0,"timestamp":1772552712231},{"is_buyer_maker":true,"price":9.082,"quantity":468.0,"timestamp":1772552712940},{"is_buyer_maker":true,"price":9.081,"quantity":12.0,"timestamp":1772552713112},{"is_buyer_maker":true,"price":9.08,"quantity":3.0,"timestamp":1772552713272},{"is_buyer_maker":false,"price":9.08,"quantity":1.0,"timestamp":1772552715401},{"is_buyer_maker":false,"price":9.08,"quantity":166.0,"timestamp":1772552715624},{"is_buyer_maker":false,"price":9.081,"quantity":178.0,"timestamp":1772552715639},{"is_buyer_maker":false,"price":9.082,"quantity":35.0,"timestamp":1772552715639},{"is_buyer_maker":false,"price":9.081,"quantity":178.0,"timestamp":1772552715639},{"is_buyer_maker":false,"price":9.082,"quantity":35.0,"timestamp":1772552715639},{"is_buyer_maker":false,"price":9.081,"quantity":178.0,"timestamp":1772552715639},{"is_buyer_maker":false,"price":9.082,"quantity":35.0,"timestamp":1772552715639},{"is_buyer_maker":false,"price":9.081,"quantity":178.0,"timestamp":1772552715639},{"is_buyer_maker":false,"price":9.082,"quantity":35.0,"timestamp":1772552715639},{"is_buyer_maker":false,"price":9.081,"quantity":178.0,"timestamp":1772552715639},{"is_buyer_maker":false,"price":9.082,"quantity":35.0,"timestamp":1772552715639},{"is_buyer_maker":false,"price":9.081,"quantity":178.0,"timestamp":1772552715639},{"is_buyer_maker":false,"price":9.082,"quantity":35.0,"timestamp":1772552715639},{"is_buyer_maker":false,"price":9.081,"quantity":178.0,"timestamp":1772552715639},{"is_buyer_maker":false,"price":9.082,"quantity":35.0,"timestamp":1772552715639},{"is_buyer_maker":false,"price":9.081,"quantity":178.0,"timestamp":1772552715639},{"is_buyer_maker":false,"price":9.082,"quantity":35.0,"timestamp":1772552715639},{"is_buyer_maker":false,"price":9.081,"quantity":178.0,"timestamp":1772552715639},{"is_buyer_maker":false,"price":9.082,"quantity":35.0,"timestamp":1772552715639},{"is_buyer_maker":false,"price":9.081,"quantity":178.0,"timestamp":1772552715639},{"is_buyer_maker":false,"price":9.082,"quantity":35.0,"timestamp":1772552715639},{"is_buyer_maker":false,"price":9.081,"quantity":178.0,"timestamp":1772552715639},{"is_buyer_maker":false,"price":9.082,"quantity":35.0,"timestamp":1772552715639},{"is_buyer_maker":false,"price":9.081,"quantity":178.0,"timestamp":1772552715639},{"is_buyer_maker":false,"price":9.082,"quantity":35.0,"timestamp":1772552715639},{"is_buyer_maker":false,"price":9.081,"quantity":178.0,"timestamp":1772552715639},{"is_buyer_maker":false,"price":9.082,"quantity":35.0,"timestamp":1772552715639},{"is_buyer_maker":false,"price":9.081,"quantity":178.0,"timestamp":1772552715639},{"is_buyer_maker":false,"price":9.082,"quantity":35.0,"timestamp":1772552715639},{"is_buyer_maker":false,"price":9.081,"quantity":178.0,"timestamp":1772552715639},{"is_buyer_maker":false,"price":9.082,"quantity":35.0,"timestamp":1772552715639},{"is_buyer_maker":false,"price":9.081,"quantity":178.0,"timestamp":1772552715639},{"is_buyer_maker":false,"price":9.082,"quantity":35.0,"timestamp":1772552715639},{"is_buyer_maker":false,"price":9.081,"quantity":178.0,"timestamp":1772552715639},{"is_buyer_maker":false,"price":9.082,"quantity":35.0,"timestamp":1772552715639},{"is_buyer_maker":false,"price":9.083,"quantity":39.0,"timestamp":1772552715716},{"is_buyer_maker":false,"price":9.084,"quantity":13.0,"timestamp":1772552715923},{"is_buyer_maker":true,"price":9.084,"quantity":3.0,"timestamp":1772552716140},{"is_buyer_maker":true,"price":9.083,"quantity":3.0,"timestamp":1772552716232},{"is_buyer_maker":false,"price":9.083,"quantity":4.0,"timestamp":1772552716604},{"is_buyer_maker":false,"price":9.084,"quantity":4.0,"timestamp":1772552716658},{"is_buyer_maker":true,"price":9.084,"quantity":77.0,"timestamp":1772552717047},{"is_buyer_maker":true,"price":9.083,"quantity":2.0,"timestamp":1772552717054},{"is_buyer_maker":false,"price":9.083,"quantity":2.0,"timestamp":1772552717162},{"is_buyer_maker":true,"price":9.083,"quantity":3.0,"timestamp":1772552717495},{"is_buyer_maker":false,"price":9.083,"quantity":40.0,"timestamp":1772552717567},{"is_buyer_maker":false,"price":9.084,"quantity":30.0,"timestamp":1772552717599},{"is_buyer_maker":true,"price":9.083,"quantity":2.0,"timestamp":1772552717987},{"is_buyer_maker":true,"price":9.082,"quantity":15.0,"timestamp":1772552718096},{"is_buyer_maker":false,"price":9.082,"quantity":26.0,"timestamp":1772552718133},{"is_buyer_maker":false,"price":9.083,"quantity":6.0,"timestamp":1772552718154},{"is_buyer_maker":false,"price":9.084,"quantity":1.0,"timestamp":1772552718382},{"is_buyer_maker":false,"price":9.084,"quantity":1.0,"timestamp":1772552719814},{"is_buyer_maker":false,"price":9.084,"quantity":123.0,"timestamp":1772552720469},{"is_buyer_maker":true,"price":9.083,"quantity":150.0,"timestamp":1772552721473},{"is_buyer_maker":false,"price":9.083,"quantity":2.0,"timestamp":1772552721834},{"is_buyer_maker":false,"price":9.084,"quantity":4.0,"timestamp":1772552721942},{"is_buyer_maker":true,"price":9.084,"quantity":2.0,"timestamp":1772552722412},{"is_buyer_maker":false,"price":9.084,"quantity":2.0,"timestamp":1772552722789},{"is_buyer_maker":true,"price":9.084,"quantity":1003.0,"timestamp":1772552724031},{"is_buyer_maker":true,"price":9.083,"quantity":983.0,"timestamp":1772552724031},{"is_buyer_maker":true,"price":9.084,"quantity":1003.0,"timestamp":1772552724031},{"is_buyer_maker":true,"price":9.083,"quantity":983.0,"timestamp":1772552724031},{"is_buyer_maker":true,"price":9.084,"quantity":1003.0,"timestamp":1772552724031},{"is_buyer_maker":true,"price":9.083,"quantity":983.0,"timestamp":1772552724031},{"is_buyer_maker":true,"price":9.084,"quantity":1003.0,"timestamp":1772552724031},{"is_buyer_maker":true,"price":9.083,"quantity":983.0,"timestamp":1772552724031},{"is_buyer_maker":true,"price":9.084,"quantity":1003.0,"timestamp":1772552724031},{"is_buyer_maker":true,"price":9.083,"quantity":983.0,"timestamp":1772552724031},{"is_buyer_maker":true,"price":9.084,"quantity":1003.0,"timestamp":1772552724031},{"is_buyer_maker":true,"price":9.083,"quantity":983.0,"timestamp":1772552724031},{"is_buyer_maker":true,"price":9.084,"quantity":1003.0,"timestamp":1772552724031},{"is_buyer_maker":true,"price":9.083,"quantity":983.0,"timestamp":1772552724031},{"is_buyer_maker":true,"price":9.084,"quantity":1003.0,"timestamp":1772552724031},{"is_buyer_maker":true,"price":9.083,"quantity":983.0,"timestamp":1772552724031},{"is_buyer_maker":true,"price":9.084,"quantity":1003.0,"timestamp":1772552724031},{"is_buyer_maker":true,"price":9.083,"quantity":983.0,"timestamp":1772552724031},{"is_buyer_maker":true,"price":9.084,"quantity":1003.0,"timestamp":1772552724031},{"is_buyer_maker":true,"price":9.083,"quantity":983.0,"timestamp":1772552724031},{"is_buyer_maker":true,"price":9.084,"quantity":1003.0,"timestamp":1772552724031},{"is_buyer_maker":true,"price":9.083,"quantity":983.0,"timestamp":1772552724031},{"is_buyer_maker":true,"price":9.084,"quantity":1003.0,"timestamp":1772552724031},{"is_buyer_maker":true,"price":9.083,"quantity":983.0,"timestamp":1772552724031},{"is_buyer_maker":true,"price":9.084,"quantity":1003.0,"timestamp":1772552724031},{"is_buyer_maker":true,"price":9.083,"quantity":983.0,"timestamp":1772552724031},{"is_buyer_maker":true,"price":9.084,"quantity":1003.0,"timestamp":1772552724031},{"is_buyer_maker":true,"price":9.083,"quantity":983.0,"timestamp":1772552724031},{"is_buyer_maker":true,"price":9.084,"quantity":1003.0,"timestamp":1772552724031},{"is_buyer_maker":true,"price":9.083,"quantity":983.0,"timestamp":1772552724031},{"is_buyer_maker":true,"price":9.084,"quantity":1003.0,"timestamp":1772552724031},{"is_buyer_maker":true,"price":9.083,"quantity":983.0,"timestamp":1772552724031},{"is_buyer_maker":true,"price":9.084,"quantity":1003.0,"timestamp":1772552724031},{"is_buyer_maker":true,"price":9.083,"quantity":983.0,"timestamp":1772552724031},{"is_buyer_maker":false,"price":9.083,"quantity":2.0,"timestamp":1772552724303},{"is_buyer_maker":true,"price":9.083,"quantity":2.0,"timestamp":1772552724609},{"is_buyer_maker":false,"price":9.083,"quantity":11.0,"timestamp":1772552724783},{"is_buyer_maker":true,"price":9.082,"quantity":1.0,"timestamp":1772552725185},{"is_buyer_maker":false,"price":9.083,"quantity":10.0,"timestamp":1772552725781},{"is_buyer_maker":true,"price":9.083,"quantity":17.0,"timestamp":1772552726181},{"is_buyer_maker":false,"price":9.083,"quantity":11.0,"timestamp":1772552726316},{"is_buyer_maker":true,"price":9.082,"quantity":21.0,"timestamp":1772552726390},{"is_buyer_maker":false,"price":9.082,"quantity":11.0,"timestamp":1772552726987},{"is_buyer_maker":true,"price":9.081,"quantity":83.0,"timestamp":1772552727055},{"is_buyer_maker":true,"price":9.08,"quantity":5.0,"timestamp":1772552727092},{"is_buyer_maker":false,"price":9.08,"quantity":61.0,"timestamp":1772552727286},{"is_buyer_maker":false,"price":9.081,"quantity":4.0,"timestamp":1772552727404},{"is_buyer_maker":false,"price":9.082,"quantity":44.0,"timestamp":1772552727592},{"is_buyer_maker":false,"price":9.082,"quantity":2.0,"timestamp":1772552727701},{"is_buyer_maker":false,"price":9.083,"quantity":6.0,"timestamp":1772552727808},{"is_buyer_maker":false,"price":9.084,"quantity":11.0,"timestamp":1772552728790},{"is_buyer_maker":false,"price":9.084,"quantity":13.0,"timestamp":1772552728950},{"is_buyer_maker":false,"price":9.085,"quantity":5.0,"timestamp":1772552729202},{"is_buyer_maker":false,"price":9.085,"quantity":12.0,"timestamp":1772552729551},{"is_buyer_maker":false,"price":9.086,"quantity":73.0,"timestamp":1772552729831},{"is_buyer_maker":false,"price":9.087,"quantity":176.0,"timestamp":1772552729993},{"is_buyer_maker":false,"price":9.088,"quantity":552.0,"timestamp":1772552730198},{"is_buyer_maker":false,"price":9.089,"quantity":3.0,"timestamp":1772552730279},{"is_buyer_maker":false,"price":9.09,"quantity":9.0,"timestamp":1772552730588},{"is_buyer_maker":true,"price":9.09,"quantity":12.0,"timestamp":1772552731060},{"is_buyer_maker":false,"price":9.09,"quantity":2.0,"timestamp":1772552731170},{"is_buyer_maker":false,"price":9.091,"quantity":207.0,"timestamp":1772552731253},{"is_buyer_maker":false,"price":9.092,"quantity":15.0,"timestamp":1772552731609},{"is_buyer_maker":true,"price":9.092,"quantity":46.0,"timestamp":1772552732223},{"is_buyer_maker":true,"price":9.091,"quantity":181.0,"timestamp":1772552732429},{"is_buyer_maker":true,"price":9.09,"quantity":2.0,"timestamp":1772552732638},{"is_buyer_maker":true,"price":9.089,"quantity":3.0,"timestamp":1772552732995},{"is_buyer_maker":true,"price":9.088,"quantity":764.0,"timestamp":1772552733986},{"is_buyer_maker":true,"price":9.087,"quantity":3.0,"timestamp":1772552734195},{"is_buyer_maker":true,"price":9.086,"quantity":161.0,"timestamp":1772552735728},{"is_buyer_maker":true,"price":9.085,"quantity":18.0,"timestamp":1772552735728},{"is_buyer_maker":true,"price":9.086,"quantity":161.0,"timestamp":1772552735728},{"is_buyer_maker":true,"price":9.085,"quantity":18.0,"timestamp":1772552735728},{"is_buyer_maker":true,"price":9.086,"quantity":161.0,"timestamp":1772552735728},{"is_buyer_maker":true,"price":9.085,"quantity":18.0,"timestamp":1772552735728},{"is_buyer_maker":true,"price":9.086,"quantity":161.0,"timestamp":1772552735728},{"is_buyer_maker":true,"price":9.085,"quantity":18.0,"timestamp":1772552735728},{"is_buyer_maker":true,"price":9.086,"quantity":161.0,"timestamp":1772552735728},{"is_buyer_maker":true,"price":9.085,"quantity":18.0,"timestamp":1772552735728},{"is_buyer_maker":true,"price":9.086,"quantity":161.0,"timestamp":1772552735728},{"is_buyer_maker":true,"price":9.085,"quantity":18.0,"timestamp":1772552735728},{"is_buyer_maker":true,"price":9.086,"quantity":161.0,"timestamp":1772552735728},{"is_buyer_maker":true,"price":9.085,"quantity":18.0,"timestamp":1772552735728},{"is_buyer_maker":true,"price":9.086,"quantity":161.0,"timestamp":1772552735728},{"is_buyer_maker":true,"price":9.085,"quantity":18.0,"timestamp":1772552735728},{"is_buyer_maker":true,"price":9.086,"quantity":161.0,"timestamp":1772552735728},{"is_buyer_maker":true,"price":9.085,"quantity":18.0,"timestamp":1772552735728},{"is_buyer_maker":true,"price":9.086,"quantity":161.0,"timestamp":1772552735728},{"is_buyer_maker":true,"price":9.085,"quantity":18.0,"timestamp":1772552735728},{"is_buyer_maker":true,"price":9.086,"quantity":161.0,"timestamp":1772552735728},{"is_buyer_maker":true,"price":9.085,"quantity":18.0,"timestamp":1772552735728},{"is_buyer_maker":true,"price":9.086,"quantity":161.0,"timestamp":1772552735728},{"is_buyer_maker":true,"price":9.085,"quantity":18.0,"timestamp":1772552735728},{"is_buyer_maker":true,"price":9.086,"quantity":161.0,"timestamp":1772552735728},{"is_buyer_maker":true,"price":9.085,"quantity":18.0,"timestamp":1772552735728},{"is_buyer_maker":true,"price":9.086,"quantity":161.0,"timestamp":1772552735728},{"is_buyer_maker":true,"price":9.085,"quantity":18.0,"timestamp":1772552735728},{"is_buyer_maker":true,"price":9.086,"quantity":161.0,"timestamp":1772552735728},{"is_buyer_maker":true,"price":9.085,"quantity":18.0,"timestamp":1772552735728},{"is_buyer_maker":true,"price":9.086,"quantity":161.0,"timestamp":1772552735728},{"is_buyer_maker":true,"price":9.085,"quantity":18.0,"timestamp":1772552735728},{"is_buyer_maker":true,"price":9.084,"quantity":11.0,"timestamp":1772552736249},{"is_buyer_maker":true,"price":9.083,"quantity":7.0,"timestamp":1772552736798},{"is_buyer_maker":true,"price":9.082,"quantity":132.0,"timestamp":1772552736830},{"is_buyer_maker":false,"price":9.082,"quantity":2.0,"timestamp":1772552736903},{"is_buyer_maker":false,"price":9.083,"quantity":5.0,"timestamp":1772552737090},{"is_buyer_maker":false,"price":9.084,"quantity":4.0,"timestamp":1772552737187},{"is_buyer_maker":false,"price":9.085,"quantity":382.0,"timestamp":1772552737368},{"is_buyer_maker":false,"price":9.086,"quantity":269.0,"timestamp":1772552737382},{"is_buyer_maker":false,"price":9.087,"quantity":22.0,"timestamp":1772552738235},{"is_buyer_maker":false,"price":9.088,"quantity":5.0,"timestamp":1772552738502},{"is_buyer_maker":false,"price":9.089,"quantity":267.0,"timestamp":1772552738783},{"is_buyer_maker":false,"price":9.09,"quantity":51.0,"timestamp":1772552738891},{"is_buyer_maker":false,"price":9.091,"quantity":7.0,"timestamp":1772552738900},{"is_buyer_maker":true,"price":9.091,"quantity":66.0,"timestamp":1772552739430},{"is_buyer_maker":false,"price":9.091,"quantity":175.0,"timestamp":1772552740347},{"is_buyer_maker":false,"price":9.092,"quantity":12.0,"timestamp":1772552741370},{"is_buyer_maker":true,"price":9.092,"quantity":3035.0,"timestamp":1772552743002},{"is_buyer_maker":true,"price":9.091,"quantity":32.0,"timestamp":1772552743219},{"is_buyer_maker":true,"price":9.09,"quantity":81.0,"timestamp":1772552743272},{"is_buyer_maker":true,"price":9.089,"quantity":3.0,"timestamp":1772552743330},{"is_buyer_maker":false,"price":9.089,"quantity":27.0,"timestamp":1772552744329},{"is_buyer_maker":true,"price":9.089,"quantity":2.0,"timestamp":1772552744639},{"is_buyer_maker":false,"price":9.089,"quantity":10.0,"timestamp":1772552744813},{"is_buyer_maker":false,"price":9.09,"quantity":88.0,"timestamp":1772552744893},{"is_buyer_maker":false,"price":9.091,"quantity":7.0,"timestamp":1772552745374},{"is_buyer_maker":true,"price":9.091,"quantity":1400.0,"timestamp":1772552745785},{"is_buyer_maker":false,"price":9.092,"quantity":15.0,"timestamp":1772552746389},{"is_buyer_maker":true,"price":9.092,"quantity":1.0,"timestamp":1772552749853},{"is_buyer_maker":true,"price":9.092,"quantity":1.0,"timestamp":1772552750001},{"is_buyer_maker":true,"price":9.092,"quantity":301.0,"timestamp":1772552750701},{"is_buyer_maker":false,"price":9.092,"quantity":88.0,"timestamp":1772552751071},{"is_buyer_maker":true,"price":9.092,"quantity":109.0,"timestamp":1772552751093},{"is_buyer_maker":false,"price":9.093,"quantity":1.0,"timestamp":1772552751388},{"is_buyer_maker":false,"price":9.093,"quantity":246.0,"timestamp":1772552751749},{"is_buyer_maker":true,"price":9.093,"quantity":1.0,"timestamp":1772552751784},{"is_buyer_maker":true,"price":9.093,"quantity":1099.0,"timestamp":1772552752425},{"is_buyer_maker":true,"price":9.092,"quantity":101.0,"timestamp":1772552752425},{"is_buyer_maker":true,"price":9.093,"quantity":1099.0,"timestamp":1772552752425},{"is_buyer_maker":true,"price":9.092,"quantity":101.0,"timestamp":1772552752425},{"is_buyer_maker":true,"price":9.093,"quantity":1099.0,"timestamp":1772552752425},{"is_buyer_maker":true,"price":9.092,"quantity":101.0,"timestamp":1772552752425},{"is_buyer_maker":true,"price":9.093,"quantity":1099.0,"timestamp":1772552752425},{"is_buyer_maker":true,"price":9.092,"quantity":101.0,"timestamp":1772552752425},{"is_buyer_maker":true,"price":9.093,"quantity":1099.0,"timestamp":1772552752425},{"is_buyer_maker":true,"price":9.092,"quantity":101.0,"timestamp":1772552752425},{"is_buyer_maker":true,"price":9.093,"quantity":1099.0,"timestamp":1772552752425},{"is_buyer_maker":true,"price":9.092,"quantity":101.0,"timestamp":1772552752425},{"is_buyer_maker":true,"price":9.093,"quantity":1099.0,"timestamp":1772552752425},{"is_buyer_maker":true,"price":9.092,"quantity":101.0,"timestamp":1772552752425},{"is_buyer_maker":true,"price":9.093,"quantity":1099.0,"timestamp":1772552752425},{"is_buyer_maker":true,"price":9.092,"quantity":101.0,"timestamp":1772552752425},{"is_buyer_maker":true,"price":9.093,"quantity":1099.0,"timestamp":1772552752425},{"is_buyer_maker":true,"price":9.092,"quantity":101.0,"timestamp":1772552752425},{"is_buyer_maker":true,"price":9.093,"quantity":1099.0,"timestamp":1772552752425},{"is_buyer_maker":true,"price":9.092,"quantity":101.0,"timestamp":1772552752425},{"is_buyer_maker":true,"price":9.093,"quantity":1099.0,"timestamp":1772552752425},{"is_buyer_maker":true,"price":9.092,"quantity":101.0,"timestamp":1772552752425},{"is_buyer_maker":true,"price":9.093,"quantity":1099.0,"timestamp":1772552752425},{"is_buyer_maker":true,"price":9.092,"quantity":101.0,"timestamp":1772552752425},{"is_buyer_maker":true,"price":9.093,"quantity":1099.0,"timestamp":1772552752425},{"is_buyer_maker":true,"price":9.092,"quantity":101.0,"timestamp":1772552752425},{"is_buyer_maker":true,"price":9.093,"quantity":1099.0,"timestamp":1772552752425},{"is_buyer_maker":true,"price":9.092,"quantity":101.0,"timestamp":1772552752425},{"is_buyer_maker":true,"price":9.093,"quantity":1099.0,"timestamp":1772552752425},{"is_buyer_maker":true,"price":9.092,"quantity":101.0,"timestamp":1772552752425},{"is_buyer_maker":true,"price":9.093,"quantity":1099.0,"timestamp":1772552752425},{"is_buyer_maker":true,"price":9.092,"quantity":101.0,"timestamp":1772552752425},{"is_buyer_maker":false,"price":9.093,"quantity":908.0,"timestamp":1772552752645},{"is_buyer_maker":true,"price":9.093,"quantity":718.0,"timestamp":1772552752837},{"is_buyer_maker":false,"price":9.093,"quantity":2.0,"timestamp":1772552752976},{"is_buyer_maker":false,"price":9.094,"quantity":13.0,"timestamp":1772552753643},{"is_buyer_maker":true,"price":9.094,"quantity":105.0,"timestamp":1772552755508},{"is_buyer_maker":false,"price":9.094,"quantity":2.0,"timestamp":1772552755681},{"is_buyer_maker":false,"price":9.095,"quantity":36.0,"timestamp":1772552756340},{"is_buyer_maker":true,"price":9.095,"quantity":79.0,"timestamp":1772552756740},{"is_buyer_maker":true,"price":9.094,"quantity":2.0,"timestamp":1772552756817},{"is_buyer_maker":true,"price":9.093,"quantity":7.0,"timestamp":1772552756861},{"is_buyer_maker":false,"price":9.093,"quantity":251.0,"timestamp":1772552757715},{"is_buyer_maker":false,"price":9.093,"quantity":184.0,"timestamp":1772552758356},{"is_buyer_maker":false,"price":9.094,"quantity":4.0,"timestamp":1772552758485},{"is_buyer_maker":false,"price":9.095,"quantity":2.0,"timestamp":1772552759283},{"is_buyer_maker":false,"price":9.095,"quantity":21.0,"timestamp":1772552759819},{"is_buyer_maker":true,"price":9.094,"quantity":77.0,"timestamp":1772552760150},{"is_buyer_maker":true,"price":9.093,"quantity":3925.0,"timestamp":1772552760321},{"is_buyer_maker":false,"price":9.093,"quantity":59.0,"timestamp":1772552760394},{"is_buyer_maker":false,"price":9.093,"quantity":52.0,"timestamp":1772552760550},{"is_buyer_maker":false,"price":9.094,"quantity":17.0,"timestamp":1772552760577},{"is_buyer_maker":true,"price":9.094,"quantity":13.0,"timestamp":1772552761195},{"is_buyer_maker":false,"price":9.094,"quantity":3.0,"timestamp":1772552761520},{"is_buyer_maker":false,"price":9.094,"quantity":15.0,"timestamp":1772552762104},{"is_buyer_maker":false,"price":9.095,"quantity":283.0,"timestamp":1772552763242},{"is_buyer_maker":true,"price":9.095,"quantity":29.0,"timestamp":1772552763274},{"is_buyer_maker":false,"price":9.096,"quantity":9.0,"timestamp":1772552763316},{"is_buyer_maker":false,"price":9.097,"quantity":434.0,"timestamp":1772552763316},{"is_buyer_maker":false,"price":9.096,"quantity":9.0,"timestamp":1772552763316},{"is_buyer_maker":false,"price":9.097,"quantity":434.0,"timestamp":1772552763316},{"is_buyer_maker":false,"price":9.096,"quantity":9.0,"timestamp":1772552763316},{"is_buyer_maker":false,"price":9.097,"quantity":434.0,"timestamp":1772552763316},{"is_buyer_maker":false,"price":9.096,"quantity":9.0,"timestamp":1772552763316},{"is_buyer_maker":false,"price":9.097,"quantity":434.0,"timestamp":1772552763316},{"is_buyer_maker":false,"price":9.096,"quantity":9.0,"timestamp":1772552763316},{"is_buyer_maker":false,"price":9.097,"quantity":434.0,"timestamp":1772552763316},{"is_buyer_maker":false,"price":9.096,"quantity":9.0,"timestamp":1772552763316},{"is_buyer_maker":false,"price":9.097,"quantity":434.0,"timestamp":1772552763316},{"is_buyer_maker":false,"price":9.096,"quantity":9.0,"timestamp":1772552763316},{"is_buyer_maker":false,"price":9.097,"quantity":434.0,"timestamp":1772552763316},{"is_buyer_maker":false,"price":9.096,"quantity":9.0,"timestamp":1772552763316},{"is_buyer_maker":false,"price":9.097,"quantity":434.0,"timestamp":1772552763316},{"is_buyer_maker":false,"price":9.096,"quantity":9.0,"timestamp":1772552763316},{"is_buyer_maker":false,"price":9.097,"quantity":434.0,"timestamp":1772552763316},{"is_buyer_maker":false,"price":9.096,"quantity":9.0,"timestamp":1772552763316},{"is_buyer_maker":false,"price":9.097,"quantity":434.0,"timestamp":1772552763316},{"is_buyer_maker":false,"price":9.096,"quantity":9.0,"timestamp":1772552763316},{"is_buyer_maker":false,"price":9.097,"quantity":434.0,"timestamp":1772552763316},{"is_buyer_maker":false,"price":9.096,"quantity":9.0,"timestamp":1772552763316},{"is_buyer_maker":false,"price":9.097,"quantity":434.0,"timestamp":1772552763316},{"is_buyer_maker":false,"price":9.096,"quantity":9.0,"timestamp":1772552763316},{"is_buyer_maker":false,"price":9.097,"quantity":434.0,"timestamp":1772552763316},{"is_buyer_maker":false,"price":9.096,"quantity":9.0,"timestamp":1772552763316},{"is_buyer_maker":false,"price":9.097,"quantity":434.0,"timestamp":1772552763316},{"is_buyer_maker":false,"price":9.096,"quantity":9.0,"timestamp":1772552763316},{"is_buyer_maker":false,"price":9.097,"quantity":434.0,"timestamp":1772552763316},{"is_buyer_maker":true,"price":9.097,"quantity":73.0,"timestamp":1772552763390},{"is_buyer_maker":false,"price":9.098,"quantity":71.0,"timestamp":1772552763496},{"is_buyer_maker":false,"price":9.099,"quantity":8.0,"timestamp":1772552764281},{"is_buyer_maker":false,"price":9.099,"quantity":115.0,"timestamp":1772552764552},{"is_buyer_maker":false,"price":9.1,"quantity":427.0,"timestamp":1772552764615},{"is_buyer_maker":false,"price":9.101,"quantity":237.0,"timestamp":1772552764700},{"is_buyer_maker":true,"price":9.101,"quantity":1092.0,"timestamp":1772552764801},{"is_buyer_maker":true,"price":9.1,"quantity":1526.0,"timestamp":1772552764801},{"is_buyer_maker":true,"price":9.099,"quantity":880.0,"timestamp":1772552764801},{"is_buyer_maker":true,"price":9.101,"quantity":1092.0,"timestamp":1772552764801},{"is_buyer_maker":true,"price":9.1,"quantity":1526.0,"timestamp":1772552764801},{"is_buyer_maker":true,"price":9.099,"quantity":880.0,"timestamp":1772552764801},{"is_buyer_maker":true,"price":9.101,"quantity":1092.0,"timestamp":1772552764801},{"is_buyer_maker":true,"price":9.1,"quantity":1526.0,"timestamp":1772552764801},{"is_buyer_maker":true,"price":9.099,"quantity":880.0,"timestamp":1772552764801},{"is_buyer_maker":true,"price":9.101,"quantity":1092.0,"timestamp":1772552764801},{"is_buyer_maker":true,"price":9.1,"quantity":1526.0,"timestamp":1772552764801},{"is_buyer_maker":true,"price":9.099,"quantity":880.0,"timestamp":1772552764801},{"is_buyer_maker":true,"price":9.101,"quantity":1092.0,"timestamp":1772552764801},{"is_buyer_maker":true,"price":9.1,"quantity":1526.0,"timestamp":1772552764801},{"is_buyer_maker":true,"price":9.099,"quantity":880.0,"timestamp":1772552764801},{"is_buyer_maker":true,"price":9.101,"quantity":1092.0,"timestamp":1772552764801},{"is_buyer_maker":true,"price":9.1,"quantity":1526.0,"timestamp":1772552764801},{"is_buyer_maker":true,"price":9.099,"quantity":880.0,"timestamp":1772552764801},{"is_buyer_maker":true,"price":9.101,"quantity":1092.0,"timestamp":1772552764801},{"is_buyer_maker":true,"price":9.1,"quantity":1526.0,"timestamp":1772552764801},{"is_buyer_maker":true,"price":9.099,"quantity":880.0,"timestamp":1772552764801},{"is_buyer_maker":true,"price":9.101,"quantity":1092.0,"timestamp":1772552764801},{"is_buyer_maker":true,"price":9.1,"quantity":1526.0,"timestamp":1772552764801},{"is_buyer_maker":true,"price":9.099,"quantity":880.0,"timestamp":1772552764801},{"is_buyer_maker":true,"price":9.101,"quantity":1092.0,"timestamp":1772552764801},{"is_buyer_maker":true,"price":9.1,"quantity":1526.0,"timestamp":1772552764801},{"is_buyer_maker":true,"price":9.099,"quantity":880.0,"timestamp":1772552764801},{"is_buyer_maker":true,"price":9.101,"quantity":1092.0,"timestamp":1772552764801},{"is_buyer_maker":true,"price":9.1,"quantity":1526.0,"timestamp":1772552764801},{"is_buyer_maker":true,"price":9.099,"quantity":880.0,"timestamp":1772552764801},{"is_buyer_maker":true,"price":9.101,"quantity":1092.0,"timestamp":1772552764801},{"is_buyer_maker":true,"price":9.1,"quantity":1526.0,"timestamp":1772552764801},{"is_buyer_maker":true,"price":9.099,"quantity":880.0,"timestamp":1772552764801},{"is_buyer_maker":true,"price":9.101,"quantity":1092.0,"timestamp":1772552764801},{"is_buyer_maker":true,"price":9.1,"quantity":1526.0,"timestamp":1772552764801},{"is_buyer_maker":true,"price":9.099,"quantity":880.0,"timestamp":1772552764801},{"is_buyer_maker":true,"price":9.101,"quantity":1092.0,"timestamp":1772552764801},{"is_buyer_maker":true,"price":9.1,"quantity":1526.0,"timestamp":1772552764801},{"is_buyer_maker":true,"price":9.099,"quantity":880.0,"timestamp":1772552764801},{"is_buyer_maker":true,"price":9.101,"quantity":1092.0,"timestamp":1772552764801},{"is_buyer_maker":true,"price":9.1,"quantity":1526.0,"timestamp":1772552764801},{"is_buyer_maker":true,"price":9.099,"quantity":880.0,"timestamp":1772552764801},{"is_buyer_maker":true,"price":9.101,"quantity":1092.0,"timestamp":1772552764801},{"is_buyer_maker":true,"price":9.1,"quantity":1526.0,"timestamp":1772552764801},{"is_buyer_maker":true,"price":9.099,"quantity":880.0,"timestamp":1772552764801},{"is_buyer_maker":true,"price":9.099,"quantity":3.0,"timestamp":1772552765097},{"is_buyer_maker":true,"price":9.099,"quantity":195.0,"timestamp":1772552765330},{"is_buyer_maker":true,"price":9.099,"quantity":3.0,"timestamp":1772552765492},{"is_buyer_maker":false,"price":9.099,"quantity":1.0,"timestamp":1772552766612},{"is_buyer_maker":false,"price":9.099,"quantity":14.0,"timestamp":1772552766958},{"is_buyer_maker":false,"price":9.1,"quantity":14.0,"timestamp":1772552767054},{"is_buyer_maker":false,"price":9.101,"quantity":16.0,"timestamp":1772552767130},{"is_buyer_maker":false,"price":9.102,"quantity":138.0,"timestamp":1772552767751},{"is_buyer_maker":false,"price":9.103,"quantity":129.0,"timestamp":1772552767885},{"is_buyer_maker":true,"price":9.103,"quantity":1064.0,"timestamp":1772552768198},{"is_buyer_maker":true,"price":9.102,"quantity":8223.0,"timestamp":1772552768202},{"is_buyer_maker":true,"price":9.101,"quantity":91.0,"timestamp":1772552768205},{"is_buyer_maker":false,"price":9.101,"quantity":8.0,"timestamp":1772552768209},{"is_buyer_maker":false,"price":9.101,"quantity":1.0,"timestamp":1772552768346},{"is_buyer_maker":true,"price":9.1,"quantity":20.0,"timestamp":1772552768349},{"is_buyer_maker":false,"price":9.1,"quantity":32.0,"timestamp":1772552768569},{"is_buyer_maker":true,"price":9.099,"quantity":384.0,"timestamp":1772552769437},{"is_buyer_maker":false,"price":9.099,"quantity":28.0,"timestamp":1772552769670},{"is_buyer_maker":false,"price":9.1,"quantity":137.0,"timestamp":1772552769742},{"is_buyer_maker":false,"price":9.101,"quantity":3.0,"timestamp":1772552769799},{"is_buyer_maker":true,"price":9.1,"quantity":92.0,"timestamp":1772552770348},{"is_buyer_maker":true,"price":9.099,"quantity":2.0,"timestamp":1772552770385},{"is_buyer_maker":false,"price":9.099,"quantity":5.0,"timestamp":1772552770580},{"is_buyer_maker":true,"price":9.098,"quantity":87.0,"timestamp":1772552770989},{"is_buyer_maker":true,"price":9.097,"quantity":14.0,"timestamp":1772552771263},{"is_buyer_maker":true,"price":9.096,"quantity":104.0,"timestamp":1772552771288},{"is_buyer_maker":false,"price":9.096,"quantity":103.0,"timestamp":1772552771585},{"is_buyer_maker":false,"price":9.097,"quantity":4.0,"timestamp":1772552771591},{"is_buyer_maker":true,"price":9.097,"quantity":146.0,"timestamp":1772552771730},{"is_buyer_maker":true,"price":9.097,"quantity":32.0,"timestamp":1772552772138},{"is_buyer_maker":true,"price":9.096,"quantity":2.0,"timestamp":1772552772646},{"is_buyer_maker":true,"price":9.095,"quantity":157.0,"timestamp":1772552772784},{"is_buyer_maker":false,"price":9.096,"quantity":147.0,"timestamp":1772552772920},{"is_buyer_maker":false,"price":9.097,"quantity":6.0,"timestamp":1772552773295},{"is_buyer_maker":true,"price":9.096,"quantity":17.0,"timestamp":1772552773629},{"is_buyer_maker":true,"price":9.095,"quantity":84.0,"timestamp":1772552773835},{"is_buyer_maker":false,"price":9.096,"quantity":65.0,"timestamp":1772552774399},{"is_buyer_maker":false,"price":9.097,"quantity":130.0,"timestamp":1772552774409},{"is_buyer_maker":false,"price":9.098,"quantity":14.0,"timestamp":1772552774472},{"is_buyer_maker":false,"price":9.099,"quantity":70.0,"timestamp":1772552774492},{"is_buyer_maker":true,"price":9.099,"quantity":1.0,"timestamp":1772552774576},{"is_buyer_maker":false,"price":9.1,"quantity":75.0,"timestamp":1772552774614},{"is_buyer_maker":false,"price":9.101,"quantity":49.0,"timestamp":1772552774699},{"is_buyer_maker":false,"price":9.102,"quantity":78.0,"timestamp":1772552775374},{"is_buyer_maker":false,"price":9.103,"quantity":5.0,"timestamp":1772552775422},{"is_buyer_maker":false,"price":9.104,"quantity":3.0,"timestamp":1772552775468},{"is_buyer_maker":false,"price":9.104,"quantity":12.0,"timestamp":1772552776054},{"is_buyer_maker":false,"price":9.105,"quantity":63.0,"timestamp":1772552776145},{"is_buyer_maker":false,"price":9.106,"quantity":66.0,"timestamp":1772552776805},{"is_buyer_maker":true,"price":9.106,"quantity":1.0,"timestamp":1772552776937},{"is_buyer_maker":false,"price":9.107,"quantity":6.0,"timestamp":1772552776962},{"is_buyer_maker":false,"price":9.108,"quantity":65.0,"timestamp":1772552777262},{"is_buyer_maker":false,"price":9.109,"quantity":62.0,"timestamp":1772552777320},{"is_buyer_maker":false,"price":9.11,"quantity":8.0,"timestamp":1772552777504},{"is_buyer_maker":true,"price":9.11,"quantity":51.0,"timestamp":1772552777510},{"is_buyer_maker":true,"price":9.11,"quantity":63.0,"timestamp":1772552778155},{"is_buyer_maker":true,"price":9.109,"quantity":34.0,"timestamp":1772552778302},{"is_buyer_maker":true,"price":9.108,"quantity":109.0,"timestamp":1772552778341},{"is_buyer_maker":true,"price":9.107,"quantity":172.0,"timestamp":1772552778505},{"is_buyer_maker":false,"price":9.107,"quantity":341.0,"timestamp":1772552778833},{"is_buyer_maker":false,"price":9.108,"quantity":40.0,"timestamp":1772552778840},{"is_buyer_maker":false,"price":9.109,"quantity":29.0,"timestamp":1772552778855},{"is_buyer_maker":false,"price":9.11,"quantity":7.0,"timestamp":1772552778965},{"is_buyer_maker":false,"price":9.111,"quantity":74.0,"timestamp":1772552779058},{"is_buyer_maker":false,"price":9.112,"quantity":9.0,"timestamp":1772552779197},{"is_buyer_maker":false,"price":9.112,"quantity":189.0,"timestamp":1772552779387},{"is_buyer_maker":false,"price":9.113,"quantity":233.0,"timestamp":1772552779433},{"is_buyer_maker":false,"price":9.114,"quantity":7.0,"timestamp":1772552779535},{"is_buyer_maker":false,"price":9.115,"quantity":1.0,"timestamp":1772552779670},{"is_buyer_maker":false,"price":9.115,"quantity":39.0,"timestamp":1772552779777},{"is_buyer_maker":true,"price":9.115,"quantity":10.0,"timestamp":1772552779985},{"is_buyer_maker":true,"price":9.114,"quantity":199.0,"timestamp":1772552780057},{"is_buyer_maker":false,"price":9.114,"quantity":75.0,"timestamp":1772552780421},{"is_buyer_maker":false,"price":9.115,"quantity":12.0,"timestamp":1772552780542},{"is_buyer_maker":true,"price":9.115,"quantity":44.0,"timestamp":1772552780843},{"is_buyer_maker":true,"price":9.114,"quantity":2.0,"timestamp":1772552780858},{"is_buyer_maker":true,"price":9.113,"quantity":6.0,"timestamp":1772552781019},{"is_buyer_maker":true,"price":9.112,"quantity":47.0,"timestamp":1772552781378},{"is_buyer_maker":true,"price":9.111,"quantity":32.0,"timestamp":1772552781378},{"is_buyer_maker":true,"price":9.112,"quantity":47.0,"timestamp":1772552781378},{"is_buyer_maker":true,"price":9.111,"quantity":32.0,"timestamp":1772552781378},{"is_buyer_maker":true,"price":9.112,"quantity":47.0,"timestamp":1772552781378},{"is_buyer_maker":true,"price":9.111,"quantity":32.0,"timestamp":1772552781378},{"is_buyer_maker":true,"price":9.112,"quantity":47.0,"timestamp":1772552781378},{"is_buyer_maker":true,"price":9.111,"quantity":32.0,"timestamp":1772552781378},{"is_buyer_maker":true,"price":9.112,"quantity":47.0,"timestamp":1772552781378},{"is_buyer_maker":true,"price":9.111,"quantity":32.0,"timestamp":1772552781378},{"is_buyer_maker":true,"price":9.112,"quantity":47.0,"timestamp":1772552781378},{"is_buyer_maker":true,"price":9.111,"quantity":32.0,"timestamp":1772552781378},{"is_buyer_maker":true,"price":9.112,"quantity":47.0,"timestamp":1772552781378},{"is_buyer_maker":true,"price":9.111,"quantity":32.0,"timestamp":1772552781378},{"is_buyer_maker":true,"price":9.112,"quantity":47.0,"timestamp":1772552781378},{"is_buyer_maker":true,"price":9.111,"quantity":32.0,"timestamp":1772552781378},{"is_buyer_maker":true,"price":9.112,"quantity":47.0,"timestamp":1772552781378},{"is_buyer_maker":true,"price":9.111,"quantity":32.0,"timestamp":1772552781378},{"is_buyer_maker":true,"price":9.112,"quantity":47.0,"timestamp":1772552781378},{"is_buyer_maker":true,"price":9.111,"quantity":32.0,"timestamp":1772552781378},{"is_buyer_maker":true,"price":9.112,"quantity":47.0,"timestamp":1772552781378},{"is_buyer_maker":true,"price":9.111,"quantity":32.0,"timestamp":1772552781378},{"is_buyer_maker":true,"price":9.112,"quantity":47.0,"timestamp":1772552781378},{"is_buyer_maker":true,"price":9.111,"quantity":32.0,"timestamp":1772552781378},{"is_buyer_maker":true,"price":9.112,"quantity":47.0,"timestamp":1772552781378},{"is_buyer_maker":true,"price":9.111,"quantity":32.0,"timestamp":1772552781378},{"is_buyer_maker":true,"price":9.112,"quantity":47.0,"timestamp":1772552781378},{"is_buyer_maker":true,"price":9.111,"quantity":32.0,"timestamp":1772552781378},{"is_buyer_maker":true,"price":9.112,"quantity":47.0,"timestamp":1772552781378},{"is_buyer_maker":true,"price":9.111,"quantity":32.0,"timestamp":1772552781378},{"is_buyer_maker":true,"price":9.11,"quantity":24.0,"timestamp":1772552781379},{"is_buyer_maker":true,"price":9.109,"quantity":2.0,"timestamp":1772552781394},{"is_buyer_maker":true,"price":9.108,"quantity":15.0,"timestamp":1772552781394},{"is_buyer_maker":true,"price":9.109,"quantity":2.0,"timestamp":1772552781394},{"is_buyer_maker":true,"price":9.108,"quantity":15.0,"timestamp":1772552781394},{"is_buyer_maker":true,"price":9.109,"quantity":2.0,"timestamp":1772552781394},{"is_buyer_maker":true,"price":9.108,"quantity":15.0,"timestamp":1772552781394},{"is_buyer_maker":true,"price":9.109,"quantity":2.0,"timestamp":1772552781394},{"is_buyer_maker":true,"price":9.108,"quantity":15.0,"timestamp":1772552781394},{"is_buyer_maker":true,"price":9.109,"quantity":2.0,"timestamp":1772552781394},{"is_buyer_maker":true,"price":9.108,"quantity":15.0,"timestamp":1772552781394},{"is_buyer_maker":true,"price":9.109,"quantity":2.0,"timestamp":1772552781394},{"is_buyer_maker":true,"price":9.108,"quantity":15.0,"timestamp":1772552781394},{"is_buyer_maker":true,"price":9.109,"quantity":2.0,"timestamp":1772552781394},{"is_buyer_maker":true,"price":9.108,"quantity":15.0,"timestamp":1772552781394},{"is_buyer_maker":true,"price":9.109,"quantity":2.0,"timestamp":1772552781394},{"is_buyer_maker":true,"price":9.108,"quantity":15.0,"timestamp":1772552781394},{"is_buyer_maker":true,"price":9.109,"quantity":2.0,"timestamp":1772552781394},{"is_buyer_maker":true,"price":9.108,"quantity":15.0,"timestamp":1772552781394},{"is_buyer_maker":true,"price":9.109,"quantity":2.0,"timestamp":1772552781394},{"is_buyer_maker":true,"price":9.108,"quantity":15.0,"timestamp":1772552781394},{"is_buyer_maker":true,"price":9.109,"quantity":2.0,"timestamp":1772552781394},{"is_buyer_maker":true,"price":9.108,"quantity":15.0,"timestamp":1772552781394},{"is_buyer_maker":true,"price":9.109,"quantity":2.0,"timestamp":1772552781394},{"is_buyer_maker":true,"price":9.108,"quantity":15.0,"timestamp":1772552781394},{"is_buyer_maker":true,"price":9.109,"quantity":2.0,"timestamp":1772552781394},{"is_buyer_maker":true,"price":9.108,"quantity":15.0,"timestamp":1772552781394},{"is_buyer_maker":true,"price":9.109,"quantity":2.0,"timestamp":1772552781394},{"is_buyer_maker":true,"price":9.108,"quantity":15.0,"timestamp":1772552781394},{"is_buyer_maker":true,"price":9.109,"quantity":2.0,"timestamp":1772552781394},{"is_buyer_maker":true,"price":9.108,"quantity":15.0,"timestamp":1772552781394},{"is_buyer_maker":false,"price":9.109,"quantity":236.0,"timestamp":1772552781397},{"is_buyer_maker":true,"price":9.11,"quantity":279.0,"timestamp":1772552781462},{"is_buyer_maker":true,"price":9.109,"quantity":14.0,"timestamp":1772552781727},{"is_buyer_maker":true,"price":9.108,"quantity":8.0,"timestamp":1772552781762},{"is_buyer_maker":true,"price":9.107,"quantity":3.0,"timestamp":1772552781906},{"is_buyer_maker":false,"price":9.107,"quantity":127.0,"timestamp":1772552782335},{"is_buyer_maker":true,"price":9.107,"quantity":21.0,"timestamp":1772552783022},{"is_buyer_maker":true,"price":9.106,"quantity":125.0,"timestamp":1772552783760},{"is_buyer_maker":false,"price":9.106,"quantity":21.0,"timestamp":1772552783869},{"is_buyer_maker":true,"price":9.105,"quantity":40.0,"timestamp":1772552783872},{"is_buyer_maker":true,"price":9.105,"quantity":23.0,"timestamp":1772552784709},{"is_buyer_maker":true,"price":9.105,"quantity":27.0,"timestamp":1772552785112},{"is_buyer_maker":true,"price":9.104,"quantity":1.0,"timestamp":1772552785151},{"is_buyer_maker":false,"price":9.105,"quantity":211.0,"timestamp":1772552785412},{"is_buyer_maker":true,"price":9.104,"quantity":182.0,"timestamp":1772552785897},{"is_buyer_maker":true,"price":9.103,"quantity":29.0,"timestamp":1772552786133},{"is_buyer_maker":false,"price":9.103,"quantity":2.0,"timestamp":1772552786581},{"is_buyer_maker":true,"price":9.102,"quantity":195.0,"timestamp":1772552786658},{"is_buyer_maker":true,"price":9.101,"quantity":186.0,"timestamp":1772552786683},{"is_buyer_maker":true,"price":9.1,"quantity":143.0,"timestamp":1772552787525},{"is_buyer_maker":false,"price":9.1,"quantity":2.0,"timestamp":1772552787566},{"is_buyer_maker":true,"price":9.099,"quantity":96.0,"timestamp":1772552787951},{"is_buyer_maker":false,"price":9.099,"quantity":2.0,"timestamp":1772552788133},{"is_buyer_maker":true,"price":9.098,"quantity":9.0,"timestamp":1772552788423},{"is_buyer_maker":true,"price":9.097,"quantity":534.0,"timestamp":1772552788612},{"is_buyer_maker":true,"price":9.096,"quantity":466.0,"timestamp":1772552788612},{"is_buyer_maker":true,"price":9.097,"quantity":534.0,"timestamp":1772552788612},{"is_buyer_maker":true,"price":9.096,"quantity":466.0,"timestamp":1772552788612},{"is_buyer_maker":true,"price":9.097,"quantity":534.0,"timestamp":1772552788612},{"is_buyer_maker":true,"price":9.096,"quantity":466.0,"timestamp":1772552788612},{"is_buyer_maker":true,"price":9.097,"quantity":534.0,"timestamp":1772552788612},{"is_buyer_maker":true,"price":9.096,"quantity":466.0,"timestamp":1772552788612},{"is_buyer_maker":true,"price":9.097,"quantity":534.0,"timestamp":1772552788612},{"is_buyer_maker":true,"price":9.096,"quantity":466.0,"timestamp":1772552788612},{"is_buyer_maker":true,"price":9.097,"quantity":534.0,"timestamp":1772552788612},{"is_buyer_maker":true,"price":9.096,"quantity":466.0,"timestamp":1772552788612},{"is_buyer_maker":true,"price":9.097,"quantity":534.0,"timestamp":1772552788612},{"is_buyer_maker":true,"price":9.096,"quantity":466.0,"timestamp":1772552788612},{"is_buyer_maker":true,"price":9.097,"quantity":534.0,"timestamp":1772552788612},{"is_buyer_maker":true,"price":9.096,"quantity":466.0,"timestamp":1772552788612},{"is_buyer_maker":true,"price":9.097,"quantity":534.0,"timestamp":1772552788612},{"is_buyer_maker":true,"price":9.096,"quantity":466.0,"timestamp":1772552788612},{"is_buyer_maker":true,"price":9.097,"quantity":534.0,"timestamp":1772552788612},{"is_buyer_maker":true,"price":9.096,"quantity":466.0,"timestamp":1772552788612},{"is_buyer_maker":true,"price":9.097,"quantity":534.0,"timestamp":1772552788612},{"is_buyer_maker":true,"price":9.096,"quantity":466.0,"timestamp":1772552788612},{"is_buyer_maker":true,"price":9.097,"quantity":534.0,"timestamp":1772552788612},{"is_buyer_maker":true,"price":9.096,"quantity":466.0,"timestamp":1772552788612},{"is_buyer_maker":true,"price":9.097,"quantity":534.0,"timestamp":1772552788612},{"is_buyer_maker":true,"price":9.096,"quantity":466.0,"timestamp":1772552788612},{"is_buyer_maker":true,"price":9.097,"quantity":534.0,"timestamp":1772552788612},{"is_buyer_maker":true,"price":9.096,"quantity":466.0,"timestamp":1772552788612},{"is_buyer_maker":false,"price":9.097,"quantity":1.0,"timestamp":1772552788655},{"is_buyer_maker":true,"price":9.096,"quantity":171.0,"timestamp":1772552788674},{"is_buyer_maker":true,"price":9.095,"quantity":68.0,"timestamp":1772552788674},{"is_buyer_maker":true,"price":9.096,"quantity":171.0,"timestamp":1772552788674},{"is_buyer_maker":true,"price":9.095,"quantity":68.0,"timestamp":1772552788674},{"is_buyer_maker":true,"price":9.096,"quantity":171.0,"timestamp":1772552788674},{"is_buyer_maker":true,"price":9.095,"quantity":68.0,"timestamp":1772552788674},{"is_buyer_maker":true,"price":9.096,"quantity":171.0,"timestamp":1772552788674},{"is_buyer_maker":true,"price":9.095,"quantity":68.0,"timestamp":1772552788674},{"is_buyer_maker":true,"price":9.096,"quantity":171.0,"timestamp":1772552788674},{"is_buyer_maker":true,"price":9.095,"quantity":68.0,"timestamp":1772552788674},{"is_buyer_maker":true,"price":9.096,"quantity":171.0,"timestamp":1772552788674},{"is_buyer_maker":true,"price":9.095,"quantity":68.0,"timestamp":1772552788674},{"is_buyer_maker":true,"price":9.096,"quantity":171.0,"timestamp":1772552788674},{"is_buyer_maker":true,"price":9.095,"quantity":68.0,"timestamp":1772552788674},{"is_buyer_maker":true,"price":9.096,"quantity":171.0,"timestamp":1772552788674},{"is_buyer_maker":true,"price":9.095,"quantity":68.0,"timestamp":1772552788674},{"is_buyer_maker":true,"price":9.096,"quantity":171.0,"timestamp":1772552788674},{"is_buyer_maker":true,"price":9.095,"quantity":68.0,"timestamp":1772552788674},{"is_buyer_maker":true,"price":9.096,"quantity":171.0,"timestamp":1772552788674},{"is_buyer_maker":true,"price":9.095,"quantity":68.0,"timestamp":1772552788674},{"is_buyer_maker":true,"price":9.096,"quantity":171.0,"timestamp":1772552788674},{"is_buyer_maker":true,"price":9.095,"quantity":68.0,"timestamp":1772552788674},{"is_buyer_maker":true,"price":9.096,"quantity":171.0,"timestamp":1772552788674},{"is_buyer_maker":true,"price":9.095,"quantity":68.0,"timestamp":1772552788674},{"is_buyer_maker":true,"price":9.096,"quantity":171.0,"timestamp":1772552788674},{"is_buyer_maker":true,"price":9.095,"quantity":68.0,"timestamp":1772552788674},{"is_buyer_maker":true,"price":9.096,"quantity":171.0,"timestamp":1772552788674},{"is_buyer_maker":true,"price":9.095,"quantity":68.0,"timestamp":1772552788674},{"is_buyer_maker":false,"price":9.096,"quantity":1.0,"timestamp":1772552788807},{"is_buyer_maker":true,"price":9.095,"quantity":24.0,"timestamp":1772552789034},{"is_buyer_maker":true,"price":9.094,"quantity":70.0,"timestamp":1772552789511},{"is_buyer_maker":true,"price":9.093,"quantity":26.0,"timestamp":1772552789584},{"is_buyer_maker":true,"price":9.092,"quantity":57.0,"timestamp":1772552789714},{"is_buyer_maker":false,"price":9.092,"quantity":162.0,"timestamp":1772552789993},{"is_buyer_maker":true,"price":9.092,"quantity":143.0,"timestamp":1772552790660},{"is_buyer_maker":true,"price":9.091,"quantity":207.0,"timestamp":1772552790662},{"is_buyer_maker":false,"price":9.091,"quantity":104.0,"timestamp":1772552790958},{"is_buyer_maker":false,"price":9.092,"quantity":2.0,"timestamp":1772552790959},{"is_buyer_maker":true,"price":9.091,"quantity":33.0,"timestamp":1772552791231},{"is_buyer_maker":true,"price":9.09,"quantity":10.0,"timestamp":1772552791391},{"is_buyer_maker":true,"price":9.089,"quantity":144.0,"timestamp":1772552791930},{"is_buyer_maker":false,"price":9.089,"quantity":90.0,"timestamp":1772552792122},{"is_buyer_maker":false,"price":9.089,"quantity":64.0,"timestamp":1772552792333},{"is_buyer_maker":false,"price":9.09,"quantity":137.0,"timestamp":1772552792347},{"is_buyer_maker":true,"price":9.09,"quantity":2.0,"timestamp":1772552792716},{"is_buyer_maker":true,"price":9.089,"quantity":2.0,"timestamp":1772552792877},{"is_buyer_maker":false,"price":9.089,"quantity":3.0,"timestamp":1772552793276},{"is_buyer_maker":true,"price":9.089,"quantity":79.0,"timestamp":1772552794701},{"is_buyer_maker":false,"price":9.089,"quantity":42.0,"timestamp":1772552795015},{"is_buyer_maker":false,"price":9.089,"quantity":65.0,"timestamp":1772552795681},{"is_buyer_maker":true,"price":9.089,"quantity":12.0,"timestamp":1772552796027},{"is_buyer_maker":false,"price":9.089,"quantity":2.0,"timestamp":1772552796188},{"is_buyer_maker":true,"price":9.088,"quantity":38.0,"timestamp":1772552797165},{"is_buyer_maker":true,"price":9.087,"quantity":9.0,"timestamp":1772552797265},{"is_buyer_maker":true,"price":9.086,"quantity":150.0,"timestamp":1772552797269},{"is_buyer_maker":true,"price":9.085,"quantity":665.0,"timestamp":1772552797270},{"is_buyer_maker":true,"price":9.084,"quantity":658.0,"timestamp":1772552797492},{"is_buyer_maker":true,"price":9.083,"quantity":246.0,"timestamp":1772552797492},{"is_buyer_maker":true,"price":9.084,"quantity":658.0,"timestamp":1772552797492},{"is_buyer_maker":true,"price":9.083,"quantity":246.0,"timestamp":1772552797492},{"is_buyer_maker":true,"price":9.084,"quantity":658.0,"timestamp":1772552797492},{"is_buyer_maker":true,"price":9.083,"quantity":246.0,"timestamp":1772552797492},{"is_buyer_maker":true,"price":9.084,"quantity":658.0,"timestamp":1772552797492},{"is_buyer_maker":true,"price":9.083,"quantity":246.0,"timestamp":1772552797492},{"is_buyer_maker":true,"price":9.084,"quantity":658.0,"timestamp":1772552797492},{"is_buyer_maker":true,"price":9.083,"quantity":246.0,"timestamp":1772552797492},{"is_buyer_maker":true,"price":9.084,"quantity":658.0,"timestamp":1772552797492},{"is_buyer_maker":true,"price":9.083,"quantity":246.0,"timestamp":1772552797492},{"is_buyer_maker":true,"price":9.084,"quantity":658.0,"timestamp":1772552797492},{"is_buyer_maker":true,"price":9.083,"quantity":246.0,"timestamp":1772552797492},{"is_buyer_maker":true,"price":9.084,"quantity":658.0,"timestamp":1772552797492},{"is_buyer_maker":true,"price":9.083,"quantity":246.0,"timestamp":1772552797492},{"is_buyer_maker":true,"price":9.084,"quantity":658.0,"timestamp":1772552797492},{"is_buyer_maker":true,"price":9.083,"quantity":246.0,"timestamp":1772552797492},{"is_buyer_maker":true,"price":9.084,"quantity":658.0,"timestamp":1772552797492},{"is_buyer_maker":true,"price":9.083,"quantity":246.0,"timestamp":1772552797492},{"is_buyer_maker":true,"price":9.084,"quantity":658.0,"timestamp":1772552797492},{"is_buyer_maker":true,"price":9.083,"quantity":246.0,"timestamp":1772552797492},{"is_buyer_maker":true,"price":9.084,"quantity":658.0,"timestamp":1772552797492},{"is_buyer_maker":true,"price":9.083,"quantity":246.0,"timestamp":1772552797492},{"is_buyer_maker":true,"price":9.084,"quantity":658.0,"timestamp":1772552797492},{"is_buyer_maker":true,"price":9.083,"quantity":246.0,"timestamp":1772552797492},{"is_buyer_maker":true,"price":9.084,"quantity":658.0,"timestamp":1772552797492},{"is_buyer_maker":true,"price":9.083,"quantity":246.0,"timestamp":1772552797492},{"is_buyer_maker":false,"price":9.084,"quantity":2.0,"timestamp":1772552797552},{"is_buyer_maker":true,"price":9.084,"quantity":2.0,"timestamp":1772552797628},{"is_buyer_maker":false,"price":9.084,"quantity":250.0,"timestamp":1772552797941},{"is_buyer_maker":false,"price":9.084,"quantity":121.0,"timestamp":1772552798055},{"is_buyer_maker":false,"price":9.084,"quantity":129.0,"timestamp":1772552798178},{"is_buyer_maker":true,"price":9.084,"quantity":11.0,"timestamp":1772552798937},{"is_buyer_maker":false,"price":9.084,"quantity":34.0,"timestamp":1772552799321},{"is_buyer_maker":true,"price":9.083,"quantity":17.0,"timestamp":1772552799500},{"is_buyer_maker":false,"price":9.084,"quantity":506.0,"timestamp":1772552799913},{"is_buyer_maker":false,"price":9.085,"quantity":204.0,"timestamp":1772552801665},{"is_buyer_maker":false,"price":9.086,"quantity":48.0,"timestamp":1772552801804},{"is_buyer_maker":false,"price":9.087,"quantity":4.0,"timestamp":1772552801811},{"is_buyer_maker":false,"price":9.088,"quantity":310.0,"timestamp":1772552802298},{"is_buyer_maker":false,"price":9.089,"quantity":95.0,"timestamp":1772552803152},{"is_buyer_maker":false,"price":9.09,"quantity":9.0,"timestamp":1772552803213},{"is_buyer_maker":true,"price":9.09,"quantity":203.0,"timestamp":1772552806595},{"is_buyer_maker":true,"price":9.089,"quantity":694.0,"timestamp":1772552806930},{"is_buyer_maker":true,"price":9.088,"quantity":230.0,"timestamp":1772552807367},{"is_buyer_maker":true,"price":9.087,"quantity":1.0,"timestamp":1772552807720},{"is_buyer_maker":true,"price":9.087,"quantity":2.0,"timestamp":1772552808660},{"is_buyer_maker":false,"price":9.087,"quantity":1.0,"timestamp":1772552809892},{"is_buyer_maker":true,"price":9.086,"quantity":87.0,"timestamp":1772552810527},{"is_buyer_maker":true,"price":9.085,"quantity":333.0,"timestamp":1772552810682},{"is_buyer_maker":true,"price":9.084,"quantity":23.0,"timestamp":1772552811200},{"is_buyer_maker":false,"price":9.085,"quantity":8.0,"timestamp":1772552811327},{"is_buyer_maker":false,"price":9.086,"quantity":653.0,"timestamp":1772552811744},{"is_buyer_maker":false,"price":9.087,"quantity":18.0,"timestamp":1772552812025},{"is_buyer_maker":false,"price":9.088,"quantity":45.0,"timestamp":1772552812025},{"is_buyer_maker":false,"price":9.087,"quantity":18.0,"timestamp":1772552812025},{"is_buyer_maker":false,"price":9.088,"quantity":45.0,"timestamp":1772552812025},{"is_buyer_maker":false,"price":9.087,"quantity":18.0,"timestamp":1772552812025},{"is_buyer_maker":false,"price":9.088,"quantity":45.0,"timestamp":1772552812025},{"is_buyer_maker":false,"price":9.087,"quantity":18.0,"timestamp":1772552812025},{"is_buyer_maker":false,"price":9.088,"quantity":45.0,"timestamp":1772552812025},{"is_buyer_maker":false,"price":9.087,"quantity":18.0,"timestamp":1772552812025},{"is_buyer_maker":false,"price":9.088,"quantity":45.0,"timestamp":1772552812025},{"is_buyer_maker":false,"price":9.087,"quantity":18.0,"timestamp":1772552812025},{"is_buyer_maker":false,"price":9.088,"quantity":45.0,"timestamp":1772552812025},{"is_buyer_maker":false,"price":9.087,"quantity":18.0,"timestamp":1772552812025},{"is_buyer_maker":false,"price":9.088,"quantity":45.0,"timestamp":1772552812025},{"is_buyer_maker":false,"price":9.087,"quantity":18.0,"timestamp":1772552812025},{"is_buyer_maker":false,"price":9.088,"quantity":45.0,"timestamp":1772552812025},{"is_buyer_maker":false,"price":9.087,"quantity":18.0,"timestamp":1772552812025},{"is_buyer_maker":false,"price":9.088,"quantity":45.0,"timestamp":1772552812025},{"is_buyer_maker":false,"price":9.087,"quantity":18.0,"timestamp":1772552812025},{"is_buyer_maker":false,"price":9.088,"quantity":45.0,"timestamp":1772552812025},{"is_buyer_maker":false,"price":9.087,"quantity":18.0,"timestamp":1772552812025},{"is_buyer_maker":false,"price":9.088,"quantity":45.0,"timestamp":1772552812025},{"is_buyer_maker":false,"price":9.087,"quantity":18.0,"timestamp":1772552812025},{"is_buyer_maker":false,"price":9.088,"quantity":45.0,"timestamp":1772552812025},{"is_buyer_maker":false,"price":9.087,"quantity":18.0,"timestamp":1772552812025},{"is_buyer_maker":false,"price":9.088,"quantity":45.0,"timestamp":1772552812025},{"is_buyer_maker":false,"price":9.087,"quantity":18.0,"timestamp":1772552812025},{"is_buyer_maker":false,"price":9.088,"quantity":45.0,"timestamp":1772552812025},{"is_buyer_maker":false,"price":9.088,"quantity":3.0,"timestamp":1772552813103},{"is_buyer_maker":false,"price":9.088,"quantity":32.0,"timestamp":1772552814478},{"is_buyer_maker":false,"price":9.089,"quantity":135.0,"timestamp":1772552814804},{"is_buyer_maker":false,"price":9.089,"quantity":4.0,"timestamp":1772552815045},{"is_buyer_maker":false,"price":9.089,"quantity":330.0,"timestamp":1772552816112},{"is_buyer_maker":false,"price":9.089,"quantity":48.0,"timestamp":1772552816382},{"is_buyer_maker":false,"price":9.09,"quantity":3.0,"timestamp":1772552816466},{"is_buyer_maker":false,"price":9.091,"quantity":61.0,"timestamp":1772552816747},{"is_buyer_maker":true,"price":9.09,"quantity":7758.0,"timestamp":1772552818204},{"is_buyer_maker":true,"price":9.089,"quantity":152.0,"timestamp":1772552818206},{"is_buyer_maker":true,"price":9.088,"quantity":16.0,"timestamp":1772552818326},{"is_buyer_maker":true,"price":9.087,"quantity":28.0,"timestamp":1772552818571},{"is_buyer_maker":false,"price":9.087,"quantity":2.0,"timestamp":1772552818852},{"is_buyer_maker":false,"price":9.088,"quantity":12.0,"timestamp":1772552819070},{"is_buyer_maker":false,"price":9.088,"quantity":88.0,"timestamp":1772552819326},{"is_buyer_maker":false,"price":9.089,"quantity":16.0,"timestamp":1772552819448},{"is_buyer_maker":false,"price":9.09,"quantity":3.0,"timestamp":1772552819456},{"is_buyer_maker":false,"price":9.091,"quantity":63.0,"timestamp":1772552820079},{"is_buyer_maker":false,"price":9.092,"quantity":31.0,"timestamp":1772552820201},{"is_buyer_maker":false,"price":9.092,"quantity":2.0,"timestamp":1772552820389},{"is_buyer_maker":true,"price":9.092,"quantity":31.0,"timestamp":1772552820476},{"is_buyer_maker":false,"price":9.092,"quantity":2.0,"timestamp":1772552820847},{"is_buyer_maker":false,"price":9.093,"quantity":4.0,"timestamp":1772552820932},{"is_buyer_maker":false,"price":9.094,"quantity":4.0,"timestamp":1772552821030},{"is_buyer_maker":true,"price":9.094,"quantity":77.0,"timestamp":1772552821079},{"is_buyer_maker":true,"price":9.093,"quantity":7.0,"timestamp":1772552821162},{"is_buyer_maker":false,"price":9.093,"quantity":2.0,"timestamp":1772552821493},{"is_buyer_maker":false,"price":9.094,"quantity":2.0,"timestamp":1772552821855},{"is_buyer_maker":false,"price":9.095,"quantity":3.0,"timestamp":1772552822040},{"is_buyer_maker":false,"price":9.095,"quantity":9.0,"timestamp":1772552822311},{"is_buyer_maker":true,"price":9.094,"quantity":177.0,"timestamp":1772552823991},{"is_buyer_maker":true,"price":9.093,"quantity":275.0,"timestamp":1772552824036},{"is_buyer_maker":true,"price":9.092,"quantity":5.0,"timestamp":1772552824067},{"is_buyer_maker":true,"price":9.091,"quantity":20.0,"timestamp":1772552824178},{"is_buyer_maker":true,"price":9.09,"quantity":5.0,"timestamp":1772552824392},{"is_buyer_maker":true,"price":9.089,"quantity":143.0,"timestamp":1772552824734},{"is_buyer_maker":true,"price":9.088,"quantity":45.0,"timestamp":1772552825468},{"is_buyer_maker":false,"price":9.088,"quantity":400.0,"timestamp":1772552825556},{"is_buyer_maker":true,"price":9.088,"quantity":79.0,"timestamp":1772552825668},{"is_buyer_maker":true,"price":9.087,"quantity":124.0,"timestamp":1772552825703},{"is_buyer_maker":true,"price":9.086,"quantity":501.0,"timestamp":1772552825815},{"is_buyer_maker":true,"price":9.085,"quantity":100.0,"timestamp":1772552825869},{"is_buyer_maker":false,"price":9.086,"quantity":6.0,"timestamp":1772552826321},{"is_buyer_maker":true,"price":9.086,"quantity":32.0,"timestamp":1772552826916},{"is_buyer_maker":true,"price":9.085,"quantity":2.0,"timestamp":1772552826971},{"is_buyer_maker":true,"price":9.084,"quantity":555.0,"timestamp":1772552827003},{"is_buyer_maker":true,"price":9.083,"quantity":20.0,"timestamp":1772552827288},{"is_buyer_maker":false,"price":9.083,"quantity":2.0,"timestamp":1772552827327},{"is_buyer_maker":false,"price":9.083,"quantity":26.0,"timestamp":1772552827535},{"is_buyer_maker":true,"price":9.083,"quantity":7.0,"timestamp":1772552827789},{"is_buyer_maker":true,"price":9.082,"quantity":61.0,"timestamp":1772552827835},{"is_buyer_maker":false,"price":9.082,"quantity":8.0,"timestamp":1772552828120},{"is_buyer_maker":false,"price":9.083,"quantity":5.0,"timestamp":1772552828239},{"is_buyer_maker":false,"price":9.084,"quantity":41.0,"timestamp":1772552828572},{"is_buyer_maker":false,"price":9.085,"quantity":167.0,"timestamp":1772552828903},{"is_buyer_maker":false,"price":9.086,"quantity":7.0,"timestamp":1772552828970},{"is_buyer_maker":true,"price":9.086,"quantity":11.0,"timestamp":1772552829061},{"is_buyer_maker":false,"price":9.087,"quantity":230.0,"timestamp":1772552829379},{"is_buyer_maker":false,"price":9.088,"quantity":38.0,"timestamp":1772552830118},{"is_buyer_maker":false,"price":9.089,"quantity":6.0,"timestamp":1772552830140},{"is_buyer_maker":false,"price":9.09,"quantity":102.0,"timestamp":1772552830140},{"is_buyer_maker":false,"price":9.089,"quantity":6.0,"timestamp":1772552830140},{"is_buyer_maker":false,"price":9.09,"quantity":102.0,"timestamp":1772552830140},{"is_buyer_maker":false,"price":9.089,"quantity":6.0,"timestamp":1772552830140},{"is_buyer_maker":false,"price":9.09,"quantity":102.0,"timestamp":1772552830140},{"is_buyer_maker":false,"price":9.089,"quantity":6.0,"timestamp":1772552830140},{"is_buyer_maker":false,"price":9.09,"quantity":102.0,"timestamp":1772552830140},{"is_buyer_maker":false,"price":9.089,"quantity":6.0,"timestamp":1772552830140},{"is_buyer_maker":false,"price":9.09,"quantity":102.0,"timestamp":1772552830140},{"is_buyer_maker":false,"price":9.089,"quantity":6.0,"timestamp":1772552830140},{"is_buyer_maker":false,"price":9.09,"quantity":102.0,"timestamp":1772552830140},{"is_buyer_maker":false,"price":9.089,"quantity":6.0,"timestamp":1772552830140},{"is_buyer_maker":false,"price":9.09,"quantity":102.0,"timestamp":1772552830140},{"is_buyer_maker":false,"price":9.089,"quantity":6.0,"timestamp":1772552830140},{"is_buyer_maker":false,"price":9.09,"quantity":102.0,"timestamp":1772552830140},{"is_buyer_maker":false,"price":9.089,"quantity":6.0,"timestamp":1772552830140},{"is_buyer_maker":false,"price":9.09,"quantity":102.0,"timestamp":1772552830140},{"is_buyer_maker":false,"price":9.089,"quantity":6.0,"timestamp":1772552830140},{"is_buyer_maker":false,"price":9.09,"quantity":102.0,"timestamp":1772552830140},{"is_buyer_maker":false,"price":9.089,"quantity":6.0,"timestamp":1772552830140},{"is_buyer_maker":false,"price":9.09,"quantity":102.0,"timestamp":1772552830140},{"is_buyer_maker":false,"price":9.089,"quantity":6.0,"timestamp":1772552830140},{"is_buyer_maker":false,"price":9.09,"quantity":102.0,"timestamp":1772552830140},{"is_buyer_maker":false,"price":9.089,"quantity":6.0,"timestamp":1772552830140},{"is_buyer_maker":false,"price":9.09,"quantity":102.0,"timestamp":1772552830140},{"is_buyer_maker":false,"price":9.09,"quantity":4.0,"timestamp":1772552830353},{"is_buyer_maker":false,"price":9.091,"quantity":3.0,"timestamp":1772552830473},{"is_buyer_maker":false,"price":9.092,"quantity":79.0,"timestamp":1772552831000},{"is_buyer_maker":false,"price":9.093,"quantity":3.0,"timestamp":1772552831105},{"is_buyer_maker":false,"price":9.094,"quantity":109.0,"timestamp":1772552831406},{"is_buyer_maker":false,"price":9.095,"quantity":29.0,"timestamp":1772552831454},{"is_buyer_maker":false,"price":9.096,"quantity":93.0,"timestamp":1772552831454}