{"exchange":"bybit","symbol":"BNBUSDT","last_updated":1772553234754,"trades":[{"is_buyer_maker":true,"price":627.8,"quantity":1.49,"timestamp":1772552639866},{"is_buyer_maker":true,"price":627.8,"quantity":0.02,"timestamp":1772552639866},{"is_buyer_maker":true,"price":627.8,"quantity":0.1,"timestamp":1772552639866},{"is_buyer_maker":true,"price":627.8,"quantity":0.14,"timestamp":1772552639866},{"is_buyer_maker":true,"price":627.8,"quantity":0.66,"timestamp":1772552639866},{"is_buyer_maker":true,"price":627.8,"quantity":1.49,"timestamp":1772552639866},{"is_buyer_maker":true,"price":627.8,"quantity":0.02,"timestamp":1772552639866},{"is_buyer_maker":true,"price":627.8,"quantity":0.1,"timestamp":1772552639866},{"is_buyer_maker":true,"price":627.8,"quantity":0.14,"timestamp":1772552639866},{"is_buyer_maker":true,"price":627.8,"quantity":0.66,"timestamp":1772552639866},{"is_buyer_maker":true,"price":627.8,"quantity":1.49,"timestamp":1772552639866},{"is_buyer_maker":true,"price":627.8,"quantity":0.02,"timestamp":1772552639866},{"is_buyer_maker":true,"price":627.8,"quantity":0.1,"timestamp":1772552639866},{"is_buyer_maker":true,"price":627.8,"quantity":0.14,"timestamp":1772552639866},{"is_buyer_maker":true,"price":627.8,"quantity":0.66,"timestamp":1772552639866},{"is_buyer_maker":true,"price":627.8,"quantity":1.49,"timestamp":1772552639866},{"is_buyer_maker":true,"price":627.8,"quantity":0.02,"timestamp":1772552639866},{"is_buyer_maker":true,"price":627.8,"quantity":0.1,"timestamp":1772552639866},{"is_buyer_maker":true,"price":627.8,"quantity":0.14,"timestamp":1772552639866},{"is_buyer_maker":true,"price":627.8,"quantity":0.66,"timestamp":1772552639866},{"is_buyer_maker":true,"price":627.8,"quantity":1.49,"timestamp":1772552639866},{"is_buyer_maker":true,"price":627.8,"quantity":0.02,"timestamp":1772552639866},{"is_buyer_maker":true,"price":627.8,"quantity":0.1,"timestamp":1772552639866},{"is_buyer_maker":true,"price":627.8,"quantity":0.14,"timestamp":1772552639866},{"is_buyer_maker":true,"price":627.8,"quantity":0.66,"timestamp":1772552639866},{"is_buyer_maker":true,"price":627.8,"quantity":1.49,"timestamp":1772552639866},{"is_buyer_maker":true,"price":627.8,"quantity":0.02,"timestamp":1772552639866},{"is_buyer_maker":true,"price":627.8,"quantity":0.1,"timestamp":1772552639866},{"is_buyer_maker":true,"price":627.8,"quantity":0.14,"timestamp":1772552639866},{"is_buyer_maker":true,"price":627.8,"quantity":0.66,"timestamp":1772552639866},{"is_buyer_maker":true,"price":627.8,"quantity":1.49,"timestamp":1772552639866},{"is_buyer_maker":true,"price":627.8,"quantity":0.02,"timestamp":1772552639866},{"is_buyer_maker":true,"price":627.8,"quantity":0.1,"timestamp":1772552639866},{"is_buyer_maker":true,"price":627.8,"quantity":0.14,"timestamp":1772552639866},{"is_buyer_maker":true,"price":627.8,"quantity":0.66,"timestamp":1772552639866},{"is_buyer_maker":true,"price":627.8,"quantity":1.49,"timestamp":1772552639866},{"is_buyer_maker":true,"price":627.8,"quantity":0.02,"timestamp":1772552639866},{"is_buyer_maker":true,"price":627.8,"quantity":0.1,"timestamp":1772552639866},{"is_buyer_maker":true,"price":627.8,"quantity":0.14,"timestamp":1772552639866},{"is_buyer_maker":true,"price":627.8,"quantity":0.66,"timestamp":1772552639866},{"is_buyer_maker":true,"price":627.8,"quantity":1.49,"timestamp":1772552639866},{"is_buyer_maker":true,"price":627.8,"quantity":0.02,"timestamp":1772552639866},{"is_buyer_maker":true,"price":627.8,"quantity":0.1,"timestamp":1772552639866},{"is_buyer_maker":true,"price":627.8,"quantity":0.14,"timestamp":1772552639866},{"is_buyer_maker":true,"price":627.8,"quantity":0.66,"timestamp":1772552639866},{"is_buyer_maker":true,"price":627.8,"quantity":1.49,"timestamp":1772552639866},{"is_buyer_maker":true,"price":627.8,"quantity":0.02,"timestamp":1772552639866},{"is_buyer_maker":true,"price":627.8,"quantity":0.1,"timestamp":1772552639866},{"is_buyer_maker":true,"price":627.8,"quantity":0.14,"timestamp":1772552639866},{"is_buyer_maker":true,"price":627.8,"quantity":0.66,"timestamp":1772552639866},{"is_buyer_maker":true,"price":627.8,"quantity":1.49,"timestamp":1772552639866},{"is_buyer_maker":true,"price":627.8,"quantity":0.02,"timestamp":1772552639866},{"is_buyer_maker":true,"price":627.8,"quantity":0.1,"timestamp":1772552639866},{"is_buyer_maker":true,"price":627.8,"quantity":0.14,"timestamp":1772552639866},{"is_buyer_maker":true,"price":627.8,"quantity":0.66,"timestamp":1772552639866},{"is_buyer_maker":true,"price":627.8,"quantity":1.49,"timestamp":1772552639866},{"is_buyer_maker":true,"price":627.8,"quantity":0.02,"timestamp":1772552639866},{"is_buyer_maker":true,"price":627.8,"quantity":0.1,"timestamp":1772552639866},{"is_buyer_maker":true,"price":627.8,"quantity":0.14,"timestamp":1772552639866},{"is_buyer_maker":true,"price":627.8,"quantity":0.66,"timestamp":1772552639866},{"is_buyer_maker":true,"price":627.8,"quantity":1.49,"timestamp":1772552639866},{"is_buyer_maker":true,"price":627.8,"quantity":0.02,"timestamp":1772552639866},{"is_buyer_maker":true,"price":627.8,"quantity":0.1,"timestamp":1772552639866},{"is_buyer_maker":true,"price":627.8,"quantity":0.14,"timestamp":1772552639866},{"is_buyer_maker":true,"price":627.8,"quantity":0.66,"timestamp":1772552639866},{"is_buyer_maker":true,"price":627.8,"quantity":1.49,"timestamp":1772552639866},{"is_buyer_maker":true,"price":627.8,"quantity":0.02,"timestamp":1772552639866},{"is_buyer_maker":true,"price":627.8,"quantity":0.1,"timestamp":1772552639866},{"is_buyer_maker":true,"price":627.8,"quantity":0.14,"timestamp":1772552639866},{"is_buyer_maker":true,"price":627.8,"quantity":0.66,"timestamp":1772552639866},{"is_buyer_maker":true,"price":627.8,"quantity":1.49,"timestamp":1772552639866},{"is_buyer_maker":true,"price":627.8,"quantity":0.02,"timestamp":1772552639866},{"is_buyer_maker":true,"price":627.8,"quantity":0.1,"timestamp":1772552639866},{"is_buyer_maker":true,"price":627.8,"quantity":0.14,"timestamp":1772552639866},{"is_buyer_maker":true,"price":627.8,"quantity":0.66,"timestamp":1772552639866},{"is_buyer_maker":true,"price":627.8,"quantity":1.49,"timestamp":1772552639866},{"is_buyer_maker":true,"price":627.8,"quantity":0.02,"timestamp":1772552639866},{"is_buyer_maker":true,"price":627.8,"quantity":0.1,"timestamp":1772552639866},{"is_buyer_maker":true,"price":627.8,"quantity":0.14,"timestamp":1772552639866},{"is_buyer_maker":true,"price":627.8,"quantity":0.66,"timestamp":1772552639866},{"is_buyer_maker":true,"price":627.8,"quantity":1.49,"timestamp":1772552639866},{"is_buyer_maker":true,"price":627.8,"quantity":0.02,"timestamp":1772552639866},{"is_buyer_maker":true,"price":627.8,"quantity":0.1,"timestamp":1772552639866},{"is_buyer_maker":true,"price":627.8,"quantity":0.14,"timestamp":1772552639866},{"is_buyer_maker":true,"price":627.8,"quantity":0.66,"timestamp":1772552639866},{"is_buyer_maker":true,"price":627.8,"quantity":1.49,"timestamp":1772552639866},{"is_buyer_maker":true,"price":627.8,"quantity":0.02,"timestamp":1772552639866},{"is_buyer_maker":true,"price":627.8,"quantity":0.1,"timestamp":1772552639866},{"is_buyer_maker":true,"price":627.8,"quantity":0.14,"timestamp":1772552639866},{"is_buyer_maker":true,"price":627.8,"quantity":0.66,"timestamp":1772552639866},{"is_buyer_maker":true,"price":627.8,"quantity":1.49,"timestamp":1772552639866},{"is_buyer_maker":true,"price":627.8,"quantity":0.02,"timestamp":1772552639866},{"is_buyer_maker":true,"price":627.8,"quantity":0.1,"timestamp":1772552639866},{"is_buyer_maker":true,"price":627.8,"quantity":0.14,"timestamp":1772552639866},{"is_buyer_maker":true,"price":627.8,"quantity":0.66,"timestamp":1772552639866},{"is_buyer_maker":false,"price":627.8,"quantity":0.02,"timestamp":1772552640174},{"is_buyer_maker":true,"price":627.8,"quantity":0.01,"timestamp":1772552640533},{"is_buyer_maker":false,"price":627.9,"quantity":0.02,"timestamp":1772552640857},{"is_buyer_maker":true,"price":627.8,"quantity":1.48,"timestamp":1772552640896},{"is_buyer_maker":true,"price":627.8,"quantity":0.02,"timestamp":1772552640896},{"is_buyer_maker":true,"price":627.8,"quantity":0.29,"timestamp":1772552640896},{"is_buyer_maker":true,"price":627.8,"quantity":0.02,"timestamp":1772552640896},{"is_buyer_maker":true,"price":627.8,"quantity":1.48,"timestamp":1772552640896},{"is_buyer_maker":true,"price":627.8,"quantity":0.02,"timestamp":1772552640896},{"is_buyer_maker":true,"price":627.8,"quantity":0.29,"timestamp":1772552640896},{"is_buyer_maker":true,"price":627.8,"quantity":0.02,"timestamp":1772552640896},{"is_buyer_maker":true,"price":627.8,"quantity":1.48,"timestamp":1772552640896},{"is_buyer_maker":true,"price":627.8,"quantity":0.02,"timestamp":1772552640896},{"is_buyer_maker":true,"price":627.8,"quantity":0.29,"timestamp":1772552640896},{"is_buyer_maker":true,"price":627.8,"quantity":0.02,"timestamp":1772552640896},{"is_buyer_maker":true,"price":627.8,"quantity":1.48,"timestamp":1772552640896},{"is_buyer_maker":true,"price":627.8,"quantity":0.02,"timestamp":1772552640896},{"is_buyer_maker":true,"price":627.8,"quantity":0.29,"timestamp":1772552640896},{"is_buyer_maker":true,"price":627.8,"quantity":0.02,"timestamp":1772552640896},{"is_buyer_maker":true,"price":627.8,"quantity":1.48,"timestamp":1772552640896},{"is_buyer_maker":true,"price":627.8,"quantity":0.02,"timestamp":1772552640896},{"is_buyer_maker":true,"price":627.8,"quantity":0.29,"timestamp":1772552640896},{"is_buyer_maker":true,"price":627.8,"quantity":0.02,"timestamp":1772552640896},{"is_buyer_maker":true,"price":627.8,"quantity":1.48,"timestamp":1772552640896},{"is_buyer_maker":true,"price":627.8,"quantity":0.02,"timestamp":1772552640896},{"is_buyer_maker":true,"price":627.8,"quantity":0.29,"timestamp":1772552640896},{"is_buyer_maker":true,"price":627.8,"quantity":0.02,"timestamp":1772552640896},{"is_buyer_maker":true,"price":627.8,"quantity":1.48,"timestamp":1772552640896},{"is_buyer_maker":true,"price":627.8,"quantity":0.02,"timestamp":1772552640896},{"is_buyer_maker":true,"price":627.8,"quantity":0.29,"timestamp":1772552640896},{"is_buyer_maker":true,"price":627.8,"quantity":0.02,"timestamp":1772552640896},{"is_buyer_maker":true,"price":627.8,"quantity":1.48,"timestamp":1772552640896},{"is_buyer_maker":true,"price":627.8,"quantity":0.02,"timestamp":1772552640896},{"is_buyer_maker":true,"price":627.8,"quantity":0.29,"timestamp":1772552640896},{"is_buyer_maker":true,"price":627.8,"quantity":0.02,"timestamp":1772552640896},{"is_buyer_maker":true,"price":627.8,"quantity":1.48,"timestamp":1772552640896},{"is_buyer_maker":true,"price":627.8,"quantity":0.02,"timestamp":1772552640896},{"is_buyer_maker":true,"price":627.8,"quantity":0.29,"timestamp":1772552640896},{"is_buyer_maker":true,"price":627.8,"quantity":0.02,"timestamp":1772552640896},{"is_buyer_maker":true,"price":627.8,"quantity":1.48,"timestamp":1772552640896},{"is_buyer_maker":true,"price":627.8,"quantity":0.02,"timestamp":1772552640896},{"is_buyer_maker":true,"price":627.8,"quantity":0.29,"timestamp":1772552640896},{"is_buyer_maker":true,"price":627.8,"quantity":0.02,"timestamp":1772552640896},{"is_buyer_maker":true,"price":627.8,"quantity":1.48,"timestamp":1772552640896},{"is_buyer_maker":true,"price":627.8,"quantity":0.02,"timestamp":1772552640896},{"is_buyer_maker":true,"price":627.8,"quantity":0.29,"timestamp":1772552640896},{"is_buyer_maker":true,"price":627.8,"quantity":0.02,"timestamp":1772552640896},{"is_buyer_maker":true,"price":627.8,"quantity":1.48,"timestamp":1772552640896},{"is_buyer_maker":true,"price":627.8,"quantity":0.02,"timestamp":1772552640896},{"is_buyer_maker":true,"price":627.8,"quantity":0.29,"timestamp":1772552640896},{"is_buyer_maker":true,"price":627.8,"quantity":0.02,"timestamp":1772552640896},{"is_buyer_maker":true,"price":627.8,"quantity":1.48,"timestamp":1772552640896},{"is_buyer_maker":true,"price":627.8,"quantity":0.02,"timestamp":1772552640896},{"is_buyer_maker":true,"price":627.8,"quantity":0.29,"timestamp":1772552640896},{"is_buyer_maker":true,"price":627.8,"quantity":0.02,"timestamp":1772552640896},{"is_buyer_maker":true,"price":627.8,"quantity":1.48,"timestamp":1772552640896},{"is_buyer_maker":true,"price":627.8,"quantity":0.02,"timestamp":1772552640896},{"is_buyer_maker":true,"price":627.8,"quantity":0.29,"timestamp":1772552640896},{"is_buyer_maker":true,"price":627.8,"quantity":0.02,"timestamp":1772552640896},{"is_buyer_maker":true,"price":627.8,"quantity":1.48,"timestamp":1772552640896},{"is_buyer_maker":true,"price":627.8,"quantity":0.02,"timestamp":1772552640896},{"is_buyer_maker":true,"price":627.8,"quantity":0.29,"timestamp":1772552640896},{"is_buyer_maker":true,"price":627.8,"quantity":0.02,"timestamp":1772552640896},{"is_buyer_maker":true,"price":627.8,"quantity":1.48,"timestamp":1772552640896},{"is_buyer_maker":true,"price":627.8,"quantity":0.02,"timestamp":1772552640896},{"is_buyer_maker":true,"price":627.8,"quantity":0.29,"timestamp":1772552640896},{"is_buyer_maker":true,"price":627.8,"quantity":0.02,"timestamp":1772552640896},{"is_buyer_maker":true,"price":627.8,"quantity":1.48,"timestamp":1772552640896},{"is_buyer_maker":true,"price":627.8,"quantity":0.02,"timestamp":1772552640896},{"is_buyer_maker":true,"price":627.8,"quantity":0.29,"timestamp":1772552640896},{"is_buyer_maker":true,"price":627.8,"quantity":0.02,"timestamp":1772552640896},{"is_buyer_maker":true,"price":627.8,"quantity":1.48,"timestamp":1772552640896},{"is_buyer_maker":true,"price":627.8,"quantity":0.02,"timestamp":1772552640896},{"is_buyer_maker":true,"price":627.8,"quantity":0.29,"timestamp":1772552640896},{"is_buyer_maker":true,"price":627.8,"quantity":0.02,"timestamp":1772552640896},{"is_buyer_maker":true,"price":627.8,"quantity":1.48,"timestamp":1772552640896},{"is_buyer_maker":true,"price":627.8,"quantity":0.02,"timestamp":1772552640896},{"is_buyer_maker":true,"price":627.8,"quantity":0.29,"timestamp":1772552640896},{"is_buyer_maker":true,"price":627.8,"quantity":0.02,"timestamp":1772552640896},{"is_buyer_maker":false,"price":627.8,"quantity":0.02,"timestamp":1772552640996},{"is_buyer_maker":false,"price":627.8,"quantity":0.09,"timestamp":1772552641760},{"is_buyer_maker":true,"price":627.7,"quantity":0.02,"timestamp":1772552642673},{"is_buyer_maker":true,"price":627.7,"quantity":0.01,"timestamp":1772552642673},{"is_buyer_maker":true,"price":627.7,"quantity":0.07,"timestamp":1772552642673},{"is_buyer_maker":true,"price":627.7,"quantity":0.01,"timestamp":1772552642673},{"is_buyer_maker":true,"price":627.7,"quantity":0.02,"timestamp":1772552642673},{"is_buyer_maker":true,"price":627.7,"quantity":0.42,"timestamp":1772552642673},{"is_buyer_maker":true,"price":627.7,"quantity":0.22,"timestamp":1772552642673},{"is_buyer_maker":true,"price":627.7,"quantity":0.02,"timestamp":1772552642673},{"is_buyer_maker":true,"price":627.7,"quantity":0.01,"timestamp":1772552642673},{"is_buyer_maker":true,"price":627.7,"quantity":0.07,"timestamp":1772552642673},{"is_buyer_maker":true,"price":627.7,"quantity":0.01,"timestamp":1772552642673},{"is_buyer_maker":true,"price":627.7,"quantity":0.02,"timestamp":1772552642673},{"is_buyer_maker":true,"price":627.7,"quantity":0.42,"timestamp":1772552642673},{"is_buyer_maker":true,"price":627.7,"quantity":0.22,"timestamp":1772552642673},{"is_buyer_maker":true,"price":627.7,"quantity":0.02,"timestamp":1772552642673},{"is_buyer_maker":true,"price":627.7,"quantity":0.01,"timestamp":1772552642673},{"is_buyer_maker":true,"price":627.7,"quantity":0.07,"timestamp":1772552642673},{"is_buyer_maker":true,"price":627.7,"quantity":0.01,"timestamp":1772552642673},{"is_buyer_maker":true,"price":627.7,"quantity":0.02,"timestamp":1772552642673},{"is_buyer_maker":true,"price":627.7,"quantity":0.42,"timestamp":1772552642673},{"is_buyer_maker":true,"price":627.7,"quantity":0.22,"timestamp":1772552642673},{"is_buyer_maker":true,"price":627.7,"quantity":0.02,"timestamp":1772552642673},{"is_buyer_maker":true,"price":627.7,"quantity":0.01,"timestamp":1772552642673},{"is_buyer_maker":true,"price":627.7,"quantity":0.07,"timestamp":1772552642673},{"is_buyer_maker":true,"price":627.7,"quantity":0.01,"timestamp":1772552642673},{"is_buyer_maker":true,"price":627.7,"quantity":0.02,"timestamp":1772552642673},{"is_buyer_maker":true,"price":627.7,"quantity":0.42,"timestamp":1772552642673},{"is_buyer_maker":true,"price":627.7,"quantity":0.22,"timestamp":1772552642673},{"is_buyer_maker":true,"price":627.7,"quantity":0.02,"timestamp":1772552642673},{"is_buyer_maker":true,"price":627.7,"quantity":0.01,"timestamp":1772552642673},{"is_buyer_maker":true,"price":627.7,"quantity":0.07,"timestamp":1772552642673},{"is_buyer_maker":true,"price":627.7,"quantity":0.01,"timestamp":1772552642673},{"is_buyer_maker":true,"price":627.7,"quantity":0.02,"timestamp":1772552642673},{"is_buyer_maker":true,"price":627.7,"quantity":0.42,"timestamp":1772552642673},{"is_buyer_maker":true,"price":627.7,"quantity":0.22,"timestamp":1772552642673},{"is_buyer_maker":true,"price":627.7,"quantity":0.02,"timestamp":1772552642673},{"is_buyer_maker":true,"price":627.7,"quantity":0.01,"timestamp":1772552642673},{"is_buyer_maker":true,"price":627.7,"quantity":0.07,"timestamp":1772552642673},{"is_buyer_maker":true,"price":627.7,"quantity":0.01,"timestamp":1772552642673},{"is_buyer_maker":true,"price":627.7,"quantity":0.02,"timestamp":1772552642673},{"is_buyer_maker":true,"price":627.7,"quantity":0.42,"timestamp":1772552642673},{"is_buyer_maker":true,"price":627.7,"quantity":0.22,"timestamp":1772552642673},{"is_buyer_maker":true,"price":627.7,"quantity":0.02,"timestamp":1772552642673},{"is_buyer_maker":true,"price":627.7,"quantity":0.01,"timestamp":1772552642673},{"is_buyer_maker":true,"price":627.7,"quantity":0.07,"timestamp":1772552642673},{"is_buyer_maker":true,"price":627.7,"quantity":0.01,"timestamp":1772552642673},{"is_buyer_maker":true,"price":627.7,"quantity":0.02,"timestamp":1772552642673},{"is_buyer_maker":true,"price":627.7,"quantity":0.42,"timestamp":1772552642673},{"is_buyer_maker":true,"price":627.7,"quantity":0.22,"timestamp":1772552642673},{"is_buyer_maker":true,"price":627.7,"quantity":0.02,"timestamp":1772552642673},{"is_buyer_maker":true,"price":627.7,"quantity":0.01,"timestamp":1772552642673},{"is_buyer_maker":true,"price":627.7,"quantity":0.07,"timestamp":1772552642673},{"is_buyer_maker":true,"price":627.7,"quantity":0.01,"timestamp":1772552642673},{"is_buyer_maker":true,"price":627.7,"quantity":0.02,"timestamp":1772552642673},{"is_buyer_maker":true,"price":627.7,"quantity":0.42,"timestamp":1772552642673},{"is_buyer_maker":true,"price":627.7,"quantity":0.22,"timestamp":1772552642673},{"is_buyer_maker":true,"price":627.7,"quantity":0.02,"timestamp":1772552642673},{"is_buyer_maker":true,"price":627.7,"quantity":0.01,"timestamp":1772552642673},{"is_buyer_maker":true,"price":627.7,"quantity":0.07,"timestamp":1772552642673},{"is_buyer_maker":true,"price":627.7,"quantity":0.01,"timestamp":1772552642673},{"is_buyer_maker":true,"price":627.7,"quantity":0.02,"timestamp":1772552642673},{"is_buyer_maker":true,"price":627.7,"quantity":0.42,"timestamp":1772552642673},{"is_buyer_maker":true,"price":627.7,"quantity":0.22,"timestamp":1772552642673},{"is_buyer_maker":true,"price":627.7,"quantity":0.02,"timestamp":1772552642673},{"is_buyer_maker":true,"price":627.7,"quantity":0.01,"timestamp":1772552642673},{"is_buyer_maker":true,"price":627.7,"quantity":0.07,"timestamp":1772552642673},{"is_buyer_maker":true,"price":627.7,"quantity":0.01,"timestamp":1772552642673},{"is_buyer_maker":true,"price":627.7,"quantity":0.02,"timestamp":1772552642673},{"is_buyer_maker":true,"price":627.7,"quantity":0.42,"timestamp":1772552642673},{"is_buyer_maker":true,"price":627.7,"quantity":0.22,"timestamp":1772552642673},{"is_buyer_maker":true,"price":627.7,"quantity":0.02,"timestamp":1772552642673},{"is_buyer_maker":true,"price":627.7,"quantity":0.01,"timestamp":1772552642673},{"is_buyer_maker":true,"price":627.7,"quantity":0.07,"timestamp":1772552642673},{"is_buyer_maker":true,"price":627.7,"quantity":0.01,"timestamp":1772552642673},{"is_buyer_maker":true,"price":627.7,"quantity":0.02,"timestamp":1772552642673},{"is_buyer_maker":true,"price":627.7,"quantity":0.42,"timestamp":1772552642673},{"is_buyer_maker":true,"price":627.7,"quantity":0.22,"timestamp":1772552642673},{"is_buyer_maker":true,"price":627.7,"quantity":0.02,"timestamp":1772552642673},{"is_buyer_maker":true,"price":627.7,"quantity":0.01,"timestamp":1772552642673},{"is_buyer_maker":true,"price":627.7,"quantity":0.07,"timestamp":1772552642673},{"is_buyer_maker":true,"price":627.7,"quantity":0.01,"timestamp":1772552642673},{"is_buyer_maker":true,"price":627.7,"quantity":0.02,"timestamp":1772552642673},{"is_buyer_maker":true,"price":627.7,"quantity":0.42,"timestamp":1772552642673},{"is_buyer_maker":true,"price":627.7,"quantity":0.22,"timestamp":1772552642673},{"is_buyer_maker":true,"price":627.7,"quantity":0.02,"timestamp":1772552642673},{"is_buyer_maker":true,"price":627.7,"quantity":0.01,"timestamp":1772552642673},{"is_buyer_maker":true,"price":627.7,"quantity":0.07,"timestamp":1772552642673},{"is_buyer_maker":true,"price":627.7,"quantity":0.01,"timestamp":1772552642673},{"is_buyer_maker":true,"price":627.7,"quantity":0.02,"timestamp":1772552642673},{"is_buyer_maker":true,"price":627.7,"quantity":0.42,"timestamp":1772552642673},{"is_buyer_maker":true,"price":627.7,"quantity":0.22,"timestamp":1772552642673},{"is_buyer_maker":true,"price":627.7,"quantity":0.02,"timestamp":1772552642673},{"is_buyer_maker":true,"price":627.7,"quantity":0.01,"timestamp":1772552642673},{"is_buyer_maker":true,"price":627.7,"quantity":0.07,"timestamp":1772552642673},{"is_buyer_maker":true,"price":627.7,"quantity":0.01,"timestamp":1772552642673},{"is_buyer_maker":true,"price":627.7,"quantity":0.02,"timestamp":1772552642673},{"is_buyer_maker":true,"price":627.7,"quantity":0.42,"timestamp":1772552642673},{"is_buyer_maker":true,"price":627.7,"quantity":0.22,"timestamp":1772552642673},{"is_buyer_maker":true,"price":627.7,"quantity":0.02,"timestamp":1772552642673},{"is_buyer_maker":true,"price":627.7,"quantity":0.01,"timestamp":1772552642673},{"is_buyer_maker":true,"price":627.7,"quantity":0.07,"timestamp":1772552642673},{"is_buyer_maker":true,"price":627.7,"quantity":0.01,"timestamp":1772552642673},{"is_buyer_maker":true,"price":627.7,"quantity":0.02,"timestamp":1772552642673},{"is_buyer_maker":true,"price":627.7,"quantity":0.42,"timestamp":1772552642673},{"is_buyer_maker":true,"price":627.7,"quantity":0.22,"timestamp":1772552642673},{"is_buyer_maker":true,"price":627.7,"quantity":0.02,"timestamp":1772552642673},{"is_buyer_maker":true,"price":627.7,"quantity":0.01,"timestamp":1772552642673},{"is_buyer_maker":true,"price":627.7,"quantity":0.07,"timestamp":1772552642673},{"is_buyer_maker":true,"price":627.7,"quantity":0.01,"timestamp":1772552642673},{"is_buyer_maker":true,"price":627.7,"quantity":0.02,"timestamp":1772552642673},{"is_buyer_maker":true,"price":627.7,"quantity":0.42,"timestamp":1772552642673},{"is_buyer_maker":true,"price":627.7,"quantity":0.22,"timestamp":1772552642673},{"is_buyer_maker":true,"price":627.7,"quantity":0.02,"timestamp":1772552642673},{"is_buyer_maker":true,"price":627.7,"quantity":0.01,"timestamp":1772552642673},{"is_buyer_maker":true,"price":627.7,"quantity":0.07,"timestamp":1772552642673},{"is_buyer_maker":true,"price":627.7,"quantity":0.01,"timestamp":1772552642673},{"is_buyer_maker":true,"price":627.7,"quantity":0.02,"timestamp":1772552642673},{"is_buyer_maker":true,"price":627.7,"quantity":0.42,"timestamp":1772552642673},{"is_buyer_maker":true,"price":627.7,"quantity":0.22,"timestamp":1772552642673},{"is_buyer_maker":true,"price":627.7,"quantity":0.02,"timestamp":1772552642673},{"is_buyer_maker":true,"price":627.7,"quantity":0.01,"timestamp":1772552642673},{"is_buyer_maker":true,"price":627.7,"quantity":0.07,"timestamp":1772552642673},{"is_buyer_maker":true,"price":627.7,"quantity":0.01,"timestamp":1772552642673},{"is_buyer_maker":true,"price":627.7,"quantity":0.02,"timestamp":1772552642673},{"is_buyer_maker":true,"price":627.7,"quantity":0.42,"timestamp":1772552642673},{"is_buyer_maker":true,"price":627.7,"quantity":0.22,"timestamp":1772552642673},{"is_buyer_maker":true,"price":627.7,"quantity":0.02,"timestamp":1772552642673},{"is_buyer_maker":true,"price":627.7,"quantity":0.01,"timestamp":1772552642673},{"is_buyer_maker":true,"price":627.7,"quantity":0.07,"timestamp":1772552642673},{"is_buyer_maker":true,"price":627.7,"quantity":0.01,"timestamp":1772552642673},{"is_buyer_maker":true,"price":627.7,"quantity":0.02,"timestamp":1772552642673},{"is_buyer_maker":true,"price":627.7,"quantity":0.42,"timestamp":1772552642673},{"is_buyer_maker":true,"price":627.7,"quantity":0.22,"timestamp":1772552642673},{"is_buyer_maker":true,"price":627.7,"quantity":0.03,"timestamp":1772552643008},{"is_buyer_maker":true,"price":627.7,"quantity":0.06,"timestamp":1772552643008},{"is_buyer_maker":true,"price":627.7,"quantity":0.08,"timestamp":1772552643008},{"is_buyer_maker":true,"price":627.7,"quantity":0.02,"timestamp":1772552643008},{"is_buyer_maker":true,"price":627.7,"quantity":0.42,"timestamp":1772552643008},{"is_buyer_maker":true,"price":627.7,"quantity":0.01,"timestamp":1772552643008},{"is_buyer_maker":true,"price":627.7,"quantity":0.63,"timestamp":1772552643008},{"is_buyer_maker":true,"price":627.7,"quantity":0.03,"timestamp":1772552643008},{"is_buyer_maker":true,"price":627.7,"quantity":0.06,"timestamp":1772552643008},{"is_buyer_maker":true,"price":627.7,"quantity":0.08,"timestamp":1772552643008},{"is_buyer_maker":true,"price":627.7,"quantity":0.02,"timestamp":1772552643008},{"is_buyer_maker":true,"price":627.7,"quantity":0.42,"timestamp":1772552643008},{"is_buyer_maker":true,"price":627.7,"quantity":0.01,"timestamp":1772552643008},{"is_buyer_maker":true,"price":627.7,"quantity":0.63,"timestamp":1772552643008},{"is_buyer_maker":true,"price":627.7,"quantity":0.03,"timestamp":1772552643008},{"is_buyer_maker":true,"price":627.7,"quantity":0.06,"timestamp":1772552643008},{"is_buyer_maker":true,"price":627.7,"quantity":0.08,"timestamp":1772552643008},{"is_buyer_maker":true,"price":627.7,"quantity":0.02,"timestamp":1772552643008},{"is_buyer_maker":true,"price":627.7,"quantity":0.42,"timestamp":1772552643008},{"is_buyer_maker":true,"price":627.7,"quantity":0.01,"timestamp":1772552643008},{"is_buyer_maker":true,"price":627.7,"quantity":0.63,"timestamp":1772552643008},{"is_buyer_maker":true,"price":627.7,"quantity":0.03,"timestamp":1772552643008},{"is_buyer_maker":true,"price":627.7,"quantity":0.06,"timestamp":1772552643008},{"is_buyer_maker":true,"price":627.7,"quantity":0.08,"timestamp":1772552643008},{"is_buyer_maker":true,"price":627.7,"quantity":0.02,"timestamp":1772552643008},{"is_buyer_maker":true,"price":627.7,"quantity":0.42,"timestamp":1772552643008},{"is_buyer_maker":true,"price":627.7,"quantity":0.01,"timestamp":1772552643008},{"is_buyer_maker":true,"price":627.7,"quantity":0.63,"timestamp":1772552643008},{"is_buyer_maker":true,"price":627.7,"quantity":0.03,"timestamp":1772552643008},{"is_buyer_maker":true,"price":627.7,"quantity":0.06,"timestamp":1772552643008},{"is_buyer_maker":true,"price":627.7,"quantity":0.08,"timestamp":1772552643008},{"is_buyer_maker":true,"price":627.7,"quantity":0.02,"timestamp":1772552643008},{"is_buyer_maker":true,"price":627.7,"quantity":0.42,"timestamp":1772552643008},{"is_buyer_maker":true,"price":627.7,"quantity":0.01,"timestamp":1772552643008},{"is_buyer_maker":true,"price":627.7,"quantity":0.63,"timestamp":1772552643008},{"is_buyer_maker":true,"price":627.7,"quantity":0.03,"timestamp":1772552643008},{"is_buyer_maker":true,"price":627.7,"quantity":0.06,"timestamp":1772552643008},{"is_buyer_maker":true,"price":627.7,"quantity":0.08,"timestamp":1772552643008},{"is_buyer_maker":true,"price":627.7,"quantity":0.02,"timestamp":1772552643008},{"is_buyer_maker":true,"price":627.7,"quantity":0.42,"timestamp":1772552643008},{"is_buyer_maker":true,"price":627.7,"quantity":0.01,"timestamp":1772552643008},{"is_buyer_maker":true,"price":627.7,"quantity":0.63,"timestamp":1772552643008},{"is_buyer_maker":true,"price":627.7,"quantity":0.03,"timestamp":1772552643008},{"is_buyer_maker":true,"price":627.7,"quantity":0.06,"timestamp":1772552643008},{"is_buyer_maker":true,"price":627.7,"quantity":0.08,"timestamp":1772552643008},{"is_buyer_maker":true,"price":627.7,"quantity":0.02,"timestamp":1772552643008},{"is_buyer_maker":true,"price":627.7,"quantity":0.42,"timestamp":1772552643008},{"is_buyer_maker":true,"price":627.7,"quantity":0.01,"timestamp":1772552643008},{"is_buyer_maker":true,"price":627.7,"quantity":0.63,"timestamp":1772552643008},{"is_buyer_maker":true,"price":627.7,"quantity":0.03,"timestamp":1772552643008},{"is_buyer_maker":true,"price":627.7,"quantity":0.06,"timestamp":1772552643008},{"is_buyer_maker":true,"price":627.7,"quantity":0.08,"timestamp":1772552643008},{"is_buyer_maker":true,"price":627.7,"quantity":0.02,"timestamp":1772552643008},{"is_buyer_maker":true,"price":627.7,"quantity":0.42,"timestamp":1772552643008},{"is_buyer_maker":true,"price":627.7,"quantity":0.01,"timestamp":1772552643008},{"is_buyer_maker":true,"price":627.7,"quantity":0.63,"timestamp":1772552643008},{"is_buyer_maker":true,"price":627.7,"quantity":0.03,"timestamp":1772552643008},{"is_buyer_maker":true,"price":627.7,"quantity":0.06,"timestamp":1772552643008},{"is_buyer_maker":true,"price":627.7,"quantity":0.08,"timestamp":1772552643008},{"is_buyer_maker":true,"price":627.7,"quantity":0.02,"timestamp":1772552643008},{"is_buyer_maker":true,"price":627.7,"quantity":0.42,"timestamp":1772552643008},{"is_buyer_maker":true,"price":627.7,"quantity":0.01,"timestamp":1772552643008},{"is_buyer_maker":true,"price":627.7,"quantity":0.63,"timestamp":1772552643008},{"is_buyer_maker":true,"price":627.7,"quantity":0.03,"timestamp":1772552643008},{"is_buyer_maker":true,"price":627.7,"quantity":0.06,"timestamp":1772552643008},{"is_buyer_maker":true,"price":627.7,"quantity":0.08,"timestamp":1772552643008},{"is_buyer_maker":true,"price":627.7,"quantity":0.02,"timestamp":1772552643008},{"is_buyer_maker":true,"price":627.7,"quantity":0.42,"timestamp":1772552643008},{"is_buyer_maker":true,"price":627.7,"quantity":0.01,"timestamp":1772552643008},{"is_buyer_maker":true,"price":627.7,"quantity":0.63,"timestamp":1772552643008},{"is_buyer_maker":true,"price":627.7,"quantity":0.03,"timestamp":1772552643008},{"is_buyer_maker":true,"price":627.7,"quantity":0.06,"timestamp":1772552643008},{"is_buyer_maker":true,"price":627.7,"quantity":0.08,"timestamp":1772552643008},{"is_buyer_maker":true,"price":627.7,"quantity":0.02,"timestamp":1772552643008},{"is_buyer_maker":true,"price":627.7,"quantity":0.42,"timestamp":1772552643008},{"is_buyer_maker":true,"price":627.7,"quantity":0.01,"timestamp":1772552643008},{"is_buyer_maker":true,"price":627.7,"quantity":0.63,"timestamp":1772552643008},{"is_buyer_maker":true,"price":627.7,"quantity":0.03,"timestamp":1772552643008},{"is_buyer_maker":true,"price":627.7,"quantity":0.06,"timestamp":1772552643008},{"is_buyer_maker":true,"price":627.7,"quantity":0.08,"timestamp":1772552643008},{"is_buyer_maker":true,"price":627.7,"quantity":0.02,"timestamp":1772552643008},{"is_buyer_maker":true,"price":627.7,"quantity":0.42,"timestamp":1772552643008},{"is_buyer_maker":true,"price":627.7,"quantity":0.01,"timestamp":1772552643008},{"is_buyer_maker":true,"price":627.7,"quantity":0.63,"timestamp":1772552643008},{"is_buyer_maker":true,"price":627.7,"quantity":0.03,"timestamp":1772552643008},{"is_buyer_maker":true,"price":627.7,"quantity":0.06,"timestamp":1772552643008},{"is_buyer_maker":true,"price":627.7,"quantity":0.08,"timestamp":1772552643008},{"is_buyer_maker":true,"price":627.7,"quantity":0.02,"timestamp":1772552643008},{"is_buyer_maker":true,"price":627.7,"quantity":0.42,"timestamp":1772552643008},{"is_buyer_maker":true,"price":627.7,"quantity":0.01,"timestamp":1772552643008},{"is_buyer_maker":true,"price":627.7,"quantity":0.63,"timestamp":1772552643008},{"is_buyer_maker":true,"price":627.7,"quantity":0.03,"timestamp":1772552643008},{"is_buyer_maker":true,"price":627.7,"quantity":0.06,"timestamp":1772552643008},{"is_buyer_maker":true,"price":627.7,"quantity":0.08,"timestamp":1772552643008},{"is_buyer_maker":true,"price":627.7,"quantity":0.02,"timestamp":1772552643008},{"is_buyer_maker":true,"price":627.7,"quantity":0.42,"timestamp":1772552643008},{"is_buyer_maker":true,"price":627.7,"quantity":0.01,"timestamp":1772552643008},{"is_buyer_maker":true,"price":627.7,"quantity":0.63,"timestamp":1772552643008},{"is_buyer_maker":true,"price":627.7,"quantity":0.03,"timestamp":1772552643008},{"is_buyer_maker":true,"price":627.7,"quantity":0.06,"timestamp":1772552643008},{"is_buyer_maker":true,"price":627.7,"quantity":0.08,"timestamp":1772552643008},{"is_buyer_maker":true,"price":627.7,"quantity":0.02,"timestamp":1772552643008},{"is_buyer_maker":true,"price":627.7,"quantity":0.42,"timestamp":1772552643008},{"is_buyer_maker":true,"price":627.7,"quantity":0.01,"timestamp":1772552643008},{"is_buyer_maker":true,"price":627.7,"quantity":0.63,"timestamp":1772552643008},{"is_buyer_maker":true,"price":627.7,"quantity":0.03,"timestamp":1772552643008},{"is_buyer_maker":true,"price":627.7,"quantity":0.06,"timestamp":1772552643008},{"is_buyer_maker":true,"price":627.7,"quantity":0.08,"timestamp":1772552643008},{"is_buyer_maker":true,"price":627.7,"quantity":0.02,"timestamp":1772552643008},{"is_buyer_maker":true,"price":627.7,"quantity":0.42,"timestamp":1772552643008},{"is_buyer_maker":true,"price":627.7,"quantity":0.01,"timestamp":1772552643008},{"is_buyer_maker":true,"price":627.7,"quantity":0.63,"timestamp":1772552643008},{"is_buyer_maker":true,"price":627.7,"quantity":0.03,"timestamp":1772552643008},{"is_buyer_maker":true,"price":627.7,"quantity":0.06,"timestamp":1772552643008},{"is_buyer_maker":true,"price":627.7,"quantity":0.08,"timestamp":1772552643008},{"is_buyer_maker":true,"price":627.7,"quantity":0.02,"timestamp":1772552643008},{"is_buyer_maker":true,"price":627.7,"quantity":0.42,"timestamp":1772552643008},{"is_buyer_maker":true,"price":627.7,"quantity":0.01,"timestamp":1772552643008},{"is_buyer_maker":true,"price":627.7,"quantity":0.63,"timestamp":1772552643008},{"is_buyer_maker":true,"price":627.7,"quantity":0.03,"timestamp":1772552643008},{"is_buyer_maker":true,"price":627.7,"quantity":0.06,"timestamp":1772552643008},{"is_buyer_maker":true,"price":627.7,"quantity":0.08,"timestamp":1772552643008},{"is_buyer_maker":true,"price":627.7,"quantity":0.02,"timestamp":1772552643008},{"is_buyer_maker":true,"price":627.7,"quantity":0.42,"timestamp":1772552643008},{"is_buyer_maker":true,"price":627.7,"quantity":0.01,"timestamp":1772552643008},{"is_buyer_maker":true,"price":627.7,"quantity":0.63,"timestamp":1772552643008},{"is_buyer_maker":true,"price":627.7,"quantity":0.03,"timestamp":1772552643008},{"is_buyer_maker":true,"price":627.7,"quantity":0.06,"timestamp":1772552643008},{"is_buyer_maker":true,"price":627.7,"quantity":0.08,"timestamp":1772552643008},{"is_buyer_maker":true,"price":627.7,"quantity":0.02,"timestamp":1772552643008},{"is_buyer_maker":true,"price":627.7,"quantity":0.42,"timestamp":1772552643008},{"is_buyer_maker":true,"price":627.7,"quantity":0.01,"timestamp":1772552643008},{"is_buyer_maker":true,"price":627.7,"quantity":0.63,"timestamp":1772552643008},{"is_buyer_maker":false,"price":627.7,"quantity":0.02,"timestamp":1772552643551},{"is_buyer_maker":false,"price":627.7,"quantity":0.04,"timestamp":1772552643551},{"is_buyer_maker":false,"price":627.7,"quantity":0.11,"timestamp":1772552643551},{"is_buyer_maker":false,"price":627.7,"quantity":0.01,"timestamp":1772552643551},{"is_buyer_maker":false,"price":627.7,"quantity":0.11,"timestamp":1772552643551},{"is_buyer_maker":false,"price":627.7,"quantity":0.02,"timestamp":1772552643551},{"is_buyer_maker":false,"price":627.7,"quantity":0.04,"timestamp":1772552643551},{"is_buyer_maker":false,"price":627.7,"quantity":0.11,"timestamp":1772552643551},{"is_buyer_maker":false,"price":627.7,"quantity":0.01,"timestamp":1772552643551},{"is_buyer_maker":false,"price":627.7,"quantity":0.11,"timestamp":1772552643551},{"is_buyer_maker":false,"price":627.7,"quantity":0.02,"timestamp":1772552643551},{"is_buyer_maker":false,"price":627.7,"quantity":0.04,"timestamp":1772552643551},{"is_buyer_maker":false,"price":627.7,"quantity":0.11,"timestamp":1772552643551},{"is_buyer_maker":false,"price":627.7,"quantity":0.01,"timestamp":1772552643551},{"is_buyer_maker":false,"price":627.7,"quantity":0.11,"timestamp":1772552643551},{"is_buyer_maker":false,"price":627.7,"quantity":0.02,"timestamp":1772552643551},{"is_buyer_maker":false,"price":627.7,"quantity":0.04,"timestamp":1772552643551},{"is_buyer_maker":false,"price":627.7,"quantity":0.11,"timestamp":1772552643551},{"is_buyer_maker":false,"price":627.7,"quantity":0.01,"timestamp":1772552643551},{"is_buyer_maker":false,"price":627.7,"quantity":0.11,"timestamp":1772552643551},{"is_buyer_maker":false,"price":627.7,"quantity":0.02,"timestamp":1772552643551},{"is_buyer_maker":false,"price":627.7,"quantity":0.04,"timestamp":1772552643551},{"is_buyer_maker":false,"price":627.7,"quantity":0.11,"timestamp":1772552643551},{"is_buyer_maker":false,"price":627.7,"quantity":0.01,"timestamp":1772552643551},{"is_buyer_maker":false,"price":627.7,"quantity":0.11,"timestamp":1772552643551},{"is_buyer_maker":false,"price":627.7,"quantity":0.02,"timestamp":1772552643551},{"is_buyer_maker":false,"price":627.7,"quantity":0.04,"timestamp":1772552643551},{"is_buyer_maker":false,"price":627.7,"quantity":0.11,"timestamp":1772552643551},{"is_buyer_maker":false,"price":627.7,"quantity":0.01,"timestamp":1772552643551},{"is_buyer_maker":false,"price":627.7,"quantity":0.11,"timestamp":1772552643551},{"is_buyer_maker":false,"price":627.7,"quantity":0.02,"timestamp":1772552643551},{"is_buyer_maker":false,"price":627.7,"quantity":0.04,"timestamp":1772552643551},{"is_buyer_maker":false,"price":627.7,"quantity":0.11,"timestamp":1772552643551},{"is_buyer_maker":false,"price":627.7,"quantity":0.01,"timestamp":1772552643551},{"is_buyer_maker":false,"price":627.7,"quantity":0.11,"timestamp":1772552643551},{"is_buyer_maker":false,"price":627.7,"quantity":0.02,"timestamp":1772552643551},{"is_buyer_maker":false,"price":627.7,"quantity":0.04,"timestamp":1772552643551},{"is_buyer_maker":false,"price":627.7,"quantity":0.11,"timestamp":1772552643551},{"is_buyer_maker":false,"price":627.7,"quantity":0.01,"timestamp":1772552643551},{"is_buyer_maker":false,"price":627.7,"quantity":0.11,"timestamp":1772552643551},{"is_buyer_maker":false,"price":627.7,"quantity":0.02,"timestamp":1772552643551},{"is_buyer_maker":false,"price":627.7,"quantity":0.04,"timestamp":1772552643551},{"is_buyer_maker":false,"price":627.7,"quantity":0.11,"timestamp":1772552643551},{"is_buyer_maker":false,"price":627.7,"quantity":0.01,"timestamp":1772552643551},{"is_buyer_maker":false,"price":627.7,"quantity":0.11,"timestamp":1772552643551},{"is_buyer_maker":false,"price":627.7,"quantity":0.02,"timestamp":1772552643551},{"is_buyer_maker":false,"price":627.7,"quantity":0.04,"timestamp":1772552643551},{"is_buyer_maker":false,"price":627.7,"quantity":0.11,"timestamp":1772552643551},{"is_buyer_maker":false,"price":627.7,"quantity":0.01,"timestamp":1772552643551},{"is_buyer_maker":false,"price":627.7,"quantity":0.11,"timestamp":1772552643551},{"is_buyer_maker":false,"price":627.7,"quantity":0.02,"timestamp":1772552643551},{"is_buyer_maker":false,"price":627.7,"quantity":0.04,"timestamp":1772552643551},{"is_buyer_maker":false,"price":627.7,"quantity":0.11,"timestamp":1772552643551},{"is_buyer_maker":false,"price":627.7,"quantity":0.01,"timestamp":1772552643551},{"is_buyer_maker":false,"price":627.7,"quantity":0.11,"timestamp":1772552643551},{"is_buyer_maker":false,"price":627.7,"quantity":0.02,"timestamp":1772552643551},{"is_buyer_maker":false,"price":627.7,"quantity":0.04,"timestamp":1772552643551},{"is_buyer_maker":false,"price":627.7,"quantity":0.11,"timestamp":1772552643551},{"is_buyer_maker":false,"price":627.7,"quantity":0.01,"timestamp":1772552643551},{"is_buyer_maker":false,"price":627.7,"quantity":0.11,"timestamp":1772552643551},{"is_buyer_maker":false,"price":627.7,"quantity":0.02,"timestamp":1772552643551},{"is_buyer_maker":false,"price":627.7,"quantity":0.04,"timestamp":1772552643551},{"is_buyer_maker":false,"price":627.7,"quantity":0.11,"timestamp":1772552643551},{"is_buyer_maker":false,"price":627.7,"quantity":0.01,"timestamp":1772552643551},{"is_buyer_maker":false,"price":627.7,"quantity":0.11,"timestamp":1772552643551},{"is_buyer_maker":false,"price":627.7,"quantity":0.02,"timestamp":1772552643551},{"is_buyer_maker":false,"price":627.7,"quantity":0.04,"timestamp":1772552643551},{"is_buyer_maker":false,"price":627.7,"quantity":0.11,"timestamp":1772552643551},{"is_buyer_maker":false,"price":627.7,"quantity":0.01,"timestamp":1772552643551},{"is_buyer_maker":false,"price":627.7,"quantity":0.11,"timestamp":1772552643551},{"is_buyer_maker":false,"price":627.7,"quantity":0.02,"timestamp":1772552643551},{"is_buyer_maker":false,"price":627.7,"quantity":0.04,"timestamp":1772552643551},{"is_buyer_maker":false,"price":627.7,"quantity":0.11,"timestamp":1772552643551},{"is_buyer_maker":false,"price":627.7,"quantity":0.01,"timestamp":1772552643551},{"is_buyer_maker":false,"price":627.7,"quantity":0.11,"timestamp":1772552643551},{"is_buyer_maker":false,"price":627.7,"quantity":0.02,"timestamp":1772552643551},{"is_buyer_maker":false,"price":627.7,"quantity":0.04,"timestamp":1772552643551},{"is_buyer_maker":false,"price":627.7,"quantity":0.11,"timestamp":1772552643551},{"is_buyer_maker":false,"price":627.7,"quantity":0.01,"timestamp":1772552643551},{"is_buyer_maker":false,"price":627.7,"quantity":0.11,"timestamp":1772552643551},{"is_buyer_maker":false,"price":627.7,"quantity":0.02,"timestamp":1772552643551},{"is_buyer_maker":false,"price":627.7,"quantity":0.04,"timestamp":1772552643551},{"is_buyer_maker":false,"price":627.7,"quantity":0.11,"timestamp":1772552643551},{"is_buyer_maker":false,"price":627.7,"quantity":0.01,"timestamp":1772552643551},{"is_buyer_maker":false,"price":627.7,"quantity":0.11,"timestamp":1772552643551},{"is_buyer_maker":false,"price":627.7,"quantity":0.02,"timestamp":1772552643551},{"is_buyer_maker":false,"price":627.7,"quantity":0.04,"timestamp":1772552643551},{"is_buyer_maker":false,"price":627.7,"quantity":0.11,"timestamp":1772552643551},{"is_buyer_maker":false,"price":627.7,"quantity":0.01,"timestamp":1772552643551},{"is_buyer_maker":false,"price":627.7,"quantity":0.11,"timestamp":1772552643551},{"is_buyer_maker":false,"price":627.7,"quantity":0.02,"timestamp":1772552643551},{"is_buyer_maker":false,"price":627.7,"quantity":0.04,"timestamp":1772552643551},{"is_buyer_maker":false,"price":627.7,"quantity":0.11,"timestamp":1772552643551},{"is_buyer_maker":false,"price":627.7,"quantity":0.01,"timestamp":1772552643551},{"is_buyer_maker":false,"price":627.7,"quantity":0.11,"timestamp":1772552643551},{"is_buyer_maker":false,"price":627.8,"quantity":0.02,"timestamp":1772552644099},{"is_buyer_maker":false,"price":627.9,"quantity":6.4,"timestamp":1772552645540},{"is_buyer_maker":false,"price":627.9,"quantity":15.1,"timestamp":1772552645552},{"is_buyer_maker":false,"price":627.9,"quantity":0.79,"timestamp":1772552645555},{"is_buyer_maker":false,"price":627.9,"quantity":0.29,"timestamp":1772552645558},{"is_buyer_maker":false,"price":627.9,"quantity":3.79,"timestamp":1772552645562},{"is_buyer_maker":false,"price":627.9,"quantity":4.87,"timestamp":1772552645563},{"is_buyer_maker":false,"price":627.9,"quantity":3.85,"timestamp":1772552645566},{"is_buyer_maker":false,"price":627.9,"quantity":0.57,"timestamp":1772552645611},{"is_buyer_maker":false,"price":627.9,"quantity":0.57,"timestamp":1772552645691},{"is_buyer_maker":false,"price":627.9,"quantity":7.23,"timestamp":1772552645722},{"is_buyer_maker":false,"price":627.9,"quantity":7.8,"timestamp":1772552647124},{"is_buyer_maker":false,"price":627.9,"quantity":4.48,"timestamp":1772552647124},{"is_buyer_maker":false,"price":627.9,"quantity":7.8,"timestamp":1772552647124},{"is_buyer_maker":false,"price":627.9,"quantity":4.48,"timestamp":1772552647124},{"is_buyer_maker":false,"price":627.9,"quantity":7.8,"timestamp":1772552647124},{"is_buyer_maker":false,"price":627.9,"quantity":4.48,"timestamp":1772552647124},{"is_buyer_maker":false,"price":627.9,"quantity":7.8,"timestamp":1772552647124},{"is_buyer_maker":false,"price":627.9,"quantity":4.48,"timestamp":1772552647124},{"is_buyer_maker":false,"price":627.9,"quantity":7.8,"timestamp":1772552647124},{"is_buyer_maker":false,"price":627.9,"quantity":4.48,"timestamp":1772552647124},{"is_buyer_maker":false,"price":627.9,"quantity":7.8,"timestamp":1772552647124},{"is_buyer_maker":false,"price":627.9,"quantity":4.48,"timestamp":1772552647124},{"is_buyer_maker":false,"price":627.9,"quantity":7.8,"timestamp":1772552647124},{"is_buyer_maker":false,"price":627.9,"quantity":4.48,"timestamp":1772552647124},{"is_buyer_maker":false,"price":627.9,"quantity":7.8,"timestamp":1772552647124},{"is_buyer_maker":false,"price":627.9,"quantity":4.48,"timestamp":1772552647124},{"is_buyer_maker":false,"price":627.9,"quantity":7.8,"timestamp":1772552647124},{"is_buyer_maker":false,"price":627.9,"quantity":4.48,"timestamp":1772552647124},{"is_buyer_maker":false,"price":627.9,"quantity":7.8,"timestamp":1772552647124},{"is_buyer_maker":false,"price":627.9,"quantity":4.48,"timestamp":1772552647124},{"is_buyer_maker":false,"price":627.9,"quantity":7.8,"timestamp":1772552647124},{"is_buyer_maker":false,"price":627.9,"quantity":4.48,"timestamp":1772552647124},{"is_buyer_maker":false,"price":627.9,"quantity":7.8,"timestamp":1772552647124},{"is_buyer_maker":false,"price":627.9,"quantity":4.48,"timestamp":1772552647124},{"is_buyer_maker":false,"price":627.9,"quantity":7.8,"timestamp":1772552647124},{"is_buyer_maker":false,"price":627.9,"quantity":4.48,"timestamp":1772552647124},{"is_buyer_maker":false,"price":627.9,"quantity":7.8,"timestamp":1772552647124},{"is_buyer_maker":false,"price":627.9,"quantity":4.48,"timestamp":1772552647124},{"is_buyer_maker":false,"price":627.9,"quantity":7.8,"timestamp":1772552647124},{"is_buyer_maker":false,"price":627.9,"quantity":4.48,"timestamp":1772552647124},{"is_buyer_maker":false,"price":627.9,"quantity":7.8,"timestamp":1772552647124},{"is_buyer_maker":false,"price":627.9,"quantity":4.48,"timestamp":1772552647124},{"is_buyer_maker":false,"price":627.9,"quantity":7.8,"timestamp":1772552647124},{"is_buyer_maker":false,"price":627.9,"quantity":4.48,"timestamp":1772552647124},{"is_buyer_maker":false,"price":627.9,"quantity":7.8,"timestamp":1772552647124},{"is_buyer_maker":false,"price":627.9,"quantity":4.48,"timestamp":1772552647124},{"is_buyer_maker":false,"price":627.9,"quantity":7.8,"timestamp":1772552647124},{"is_buyer_maker":false,"price":627.9,"quantity":4.48,"timestamp":1772552647124},{"is_buyer_maker":true,"price":627.8,"quantity":3.21,"timestamp":1772552647137},{"is_buyer_maker":true,"price":627.8,"quantity":4.75,"timestamp":1772552647137},{"is_buyer_maker":true,"price":627.8,"quantity":3.21,"timestamp":1772552647137},{"is_buyer_maker":true,"price":627.8,"quantity":4.75,"timestamp":1772552647137},{"is_buyer_maker":true,"price":627.8,"quantity":3.21,"timestamp":1772552647137},{"is_buyer_maker":true,"price":627.8,"quantity":4.75,"timestamp":1772552647137},{"is_buyer_maker":true,"price":627.8,"quantity":3.21,"timestamp":1772552647137},{"is_buyer_maker":true,"price":627.8,"quantity":4.75,"timestamp":1772552647137},{"is_buyer_maker":true,"price":627.8,"quantity":3.21,"timestamp":1772552647137},{"is_buyer_maker":true,"price":627.8,"quantity":4.75,"timestamp":1772552647137},{"is_buyer_maker":true,"price":627.8,"quantity":3.21,"timestamp":1772552647137},{"is_buyer_maker":true,"price":627.8,"quantity":4.75,"timestamp":1772552647137},{"is_buyer_maker":true,"price":627.8,"quantity":3.21,"timestamp":1772552647137},{"is_buyer_maker":true,"price":627.8,"quantity":4.75,"timestamp":1772552647137},{"is_buyer_maker":true,"price":627.8,"quantity":3.21,"timestamp":1772552647137},{"is_buyer_maker":true,"price":627.8,"quantity":4.75,"timestamp":1772552647137},{"is_buyer_maker":true,"price":627.8,"quantity":3.21,"timestamp":1772552647137},{"is_buyer_maker":true,"price":627.8,"quantity":4.75,"timestamp":1772552647137},{"is_buyer_maker":true,"price":627.8,"quantity":3.21,"timestamp":1772552647137},{"is_buyer_maker":true,"price":627.8,"quantity":4.75,"timestamp":1772552647137},{"is_buyer_maker":true,"price":627.8,"quantity":3.21,"timestamp":1772552647137},{"is_buyer_maker":true,"price":627.8,"quantity":4.75,"timestamp":1772552647137},{"is_buyer_maker":true,"price":627.8,"quantity":3.21,"timestamp":1772552647137},{"is_buyer_maker":true,"price":627.8,"quantity":4.75,"timestamp":1772552647137},{"is_buyer_maker":true,"price":627.8,"quantity":3.21,"timestamp":1772552647137},{"is_buyer_maker":true,"price":627.8,"quantity":4.75,"timestamp":1772552647137},{"is_buyer_maker":true,"price":627.8,"quantity":3.21,"timestamp":1772552647137},{"is_buyer_maker":true,"price":627.8,"quantity":4.75,"timestamp":1772552647137},{"is_buyer_maker":true,"price":627.8,"quantity":3.21,"timestamp":1772552647137},{"is_buyer_maker":true,"price":627.8,"quantity":4.75,"timestamp":1772552647137},{"is_buyer_maker":true,"price":627.8,"quantity":3.21,"timestamp":1772552647137},{"is_buyer_maker":true,"price":627.8,"quantity":4.75,"timestamp":1772552647137},{"is_buyer_maker":true,"price":627.8,"quantity":3.21,"timestamp":1772552647137},{"is_buyer_maker":true,"price":627.8,"quantity":4.75,"timestamp":1772552647137},{"is_buyer_maker":true,"price":627.8,"quantity":3.21,"timestamp":1772552647137},{"is_buyer_maker":true,"price":627.8,"quantity":4.75,"timestamp":1772552647137},{"is_buyer_maker":true,"price":627.8,"quantity":3.21,"timestamp":1772552647137},{"is_buyer_maker":true,"price":627.8,"quantity":4.75,"timestamp":1772552647137},{"is_buyer_maker":false,"price":627.9,"quantity":6.81,"timestamp":1772552647256},{"is_buyer_maker":false,"price":627.9,"quantity":4.0,"timestamp":1772552647259},{"is_buyer_maker":false,"price":627.9,"quantity":2.75,"timestamp":1772552647262},{"is_buyer_maker":false,"price":627.9,"quantity":5.61,"timestamp":1772552647277},{"is_buyer_maker":false,"price":627.9,"quantity":0.1,"timestamp":1772552647280},{"is_buyer_maker":false,"price":627.9,"quantity":8.34,"timestamp":1772552647282},{"is_buyer_maker":false,"price":627.9,"quantity":11.25,"timestamp":1772552647291},{"is_buyer_maker":false,"price":627.9,"quantity":8.13,"timestamp":1772552647292},{"is_buyer_maker":false,"price":627.9,"quantity":3.56,"timestamp":1772552647297},{"is_buyer_maker":false,"price":627.9,"quantity":0.69,"timestamp":1772552647417},{"is_buyer_maker":true,"price":627.8,"quantity":0.02,"timestamp":1772552650522},{"is_buyer_maker":true,"price":627.8,"quantity":1.21,"timestamp":1772552650522},{"is_buyer_maker":true,"price":627.8,"quantity":0.39,"timestamp":1772552650522},{"is_buyer_maker":true,"price":627.8,"quantity":0.42,"timestamp":1772552650522},{"is_buyer_maker":true,"price":627.8,"quantity":0.12,"timestamp":1772552650522},{"is_buyer_maker":true,"price":627.8,"quantity":3.9,"timestamp":1772552650522},{"is_buyer_maker":true,"price":627.8,"quantity":0.02,"timestamp":1772552650522},{"is_buyer_maker":true,"price":627.8,"quantity":1.21,"timestamp":1772552650522},{"is_buyer_maker":true,"price":627.8,"quantity":0.39,"timestamp":1772552650522},{"is_buyer_maker":true,"price":627.8,"quantity":0.42,"timestamp":1772552650522},{"is_buyer_maker":true,"price":627.8,"quantity":0.12,"timestamp":1772552650522},{"is_buyer_maker":true,"price":627.8,"quantity":3.9,"timestamp":1772552650522},{"is_buyer_maker":true,"price":627.8,"quantity":0.02,"timestamp":1772552650522},{"is_buyer_maker":true,"price":627.8,"quantity":1.21,"timestamp":1772552650522},{"is_buyer_maker":true,"price":627.8,"quantity":0.39,"timestamp":1772552650522},{"is_buyer_maker":true,"price":627.8,"quantity":0.42,"timestamp":1772552650522},{"is_buyer_maker":true,"price":627.8,"quantity":0.12,"timestamp":1772552650522},{"is_buyer_maker":true,"price":627.8,"quantity":3.9,"timestamp":1772552650522},{"is_buyer_maker":true,"price":627.8,"quantity":0.02,"timestamp":1772552650522},{"is_buyer_maker":true,"price":627.8,"quantity":1.21,"timestamp":1772552650522},{"is_buyer_maker":true,"price":627.8,"quantity":0.39,"timestamp":1772552650522},{"is_buyer_maker":true,"price":627.8,"quantity":0.42,"timestamp":1772552650522},{"is_buyer_maker":true,"price":627.8,"quantity":0.12,"timestamp":1772552650522},{"is_buyer_maker":true,"price":627.8,"quantity":3.9,"timestamp":1772552650522},{"is_buyer_maker":true,"price":627.8,"quantity":0.02,"timestamp":1772552650522},{"is_buyer_maker":true,"price":627.8,"quantity":1.21,"timestamp":1772552650522},{"is_buyer_maker":true,"price":627.8,"quantity":0.39,"timestamp":1772552650522},{"is_buyer_maker":true,"price":627.8,"quantity":0.42,"timestamp":1772552650522},{"is_buyer_maker":true,"price":627.8,"quantity":0.12,"timestamp":1772552650522},{"is_buyer_maker":true,"price":627.8,"quantity":3.9,"timestamp":1772552650522},{"is_buyer_maker":true,"price":627.8,"quantity":0.02,"timestamp":1772552650522},{"is_buyer_maker":true,"price":627.8,"quantity":1.21,"timestamp":1772552650522},{"is_buyer_maker":true,"price":627.8,"quantity":0.39,"timestamp":1772552650522},{"is_buyer_maker":true,"price":627.8,"quantity":0.42,"timestamp":1772552650522},{"is_buyer_maker":true,"price":627.8,"quantity":0.12,"timestamp":1772552650522},{"is_buyer_maker":true,"price":627.8,"quantity":3.9,"timestamp":1772552650522},{"is_buyer_maker":true,"price":627.8,"quantity":0.02,"timestamp":1772552650522},{"is_buyer_maker":true,"price":627.8,"quantity":1.21,"timestamp":1772552650522},{"is_buyer_maker":true,"price":627.8,"quantity":0.39,"timestamp":1772552650522},{"is_buyer_maker":true,"price":627.8,"quantity":0.42,"timestamp":1772552650522},{"is_buyer_maker":true,"price":627.8,"quantity":0.12,"timestamp":1772552650522},{"is_buyer_maker":true,"price":627.8,"quantity":3.9,"timestamp":1772552650522},{"is_buyer_maker":true,"price":627.8,"quantity":0.02,"timestamp":1772552650522},{"is_buyer_maker":true,"price":627.8,"quantity":1.21,"timestamp":1772552650522},{"is_buyer_maker":true,"price":627.8,"quantity":0.39,"timestamp":1772552650522},{"is_buyer_maker":true,"price":627.8,"quantity":0.42,"timestamp":1772552650522},{"is_buyer_maker":true,"price":627.8,"quantity":0.12,"timestamp":1772552650522},{"is_buyer_maker":true,"price":627.8,"quantity":3.9,"timestamp":1772552650522},{"is_buyer_maker":true,"price":627.8,"quantity":0.02,"timestamp":1772552650522},{"is_buyer_maker":true,"price":627.8,"quantity":1.21,"timestamp":1772552650522},{"is_buyer_maker":true,"price":627.8,"quantity":0.39,"timestamp":1772552650522},{"is_buyer_maker":true,"price":627.8,"quantity":0.42,"timestamp":1772552650522},{"is_buyer_maker":true,"price":627.8,"quantity":0.12,"timestamp":1772552650522},{"is_buyer_maker":true,"price":627.8,"quantity":3.9,"timestamp":1772552650522},{"is_buyer_maker":true,"price":627.8,"quantity":0.02,"timestamp":1772552650522},{"is_buyer_maker":true,"price":627.8,"quantity":1.21,"timestamp":1772552650522},{"is_buyer_maker":true,"price":627.8,"quantity":0.39,"timestamp":1772552650522},{"is_buyer_maker":true,"price":627.8,"quantity":0.42,"timestamp":1772552650522},{"is_buyer_maker":true,"price":627.8,"quantity":0.12,"timestamp":1772552650522},{"is_buyer_maker":true,"price":627.8,"quantity":3.9,"timestamp":1772552650522},{"is_buyer_maker":true,"price":627.8,"quantity":0.02,"timestamp":1772552650522},{"is_buyer_maker":true,"price":627.8,"quantity":1.21,"timestamp":1772552650522},{"is_buyer_maker":true,"price":627.8,"quantity":0.39,"timestamp":1772552650522},{"is_buyer_maker":true,"price":627.8,"quantity":0.42,"timestamp":1772552650522},{"is_buyer_maker":true,"price":627.8,"quantity":0.12,"timestamp":1772552650522},{"is_buyer_maker":true,"price":627.8,"quantity":3.9,"timestamp":1772552650522},{"is_buyer_maker":true,"price":627.8,"quantity":0.02,"timestamp":1772552650522},{"is_buyer_maker":true,"price":627.8,"quantity":1.21,"timestamp":1772552650522},{"is_buyer_maker":true,"price":627.8,"quantity":0.39,"timestamp":1772552650522},{"is_buyer_maker":true,"price":627.8,"quantity":0.42,"timestamp":1772552650522},{"is_buyer_maker":true,"price":627.8,"quantity":0.12,"timestamp":1772552650522},{"is_buyer_maker":true,"price":627.8,"quantity":3.9,"timestamp":1772552650522},{"is_buyer_maker":true,"price":627.8,"quantity":0.02,"timestamp":1772552650522},{"is_buyer_maker":true,"price":627.8,"quantity":1.21,"timestamp":1772552650522},{"is_buyer_maker":true,"price":627.8,"quantity":0.39,"timestamp":1772552650522},{"is_buyer_maker":true,"price":627.8,"quantity":0.42,"timestamp":1772552650522},{"is_buyer_maker":true,"price":627.8,"quantity":0.12,"timestamp":1772552650522},{"is_buyer_maker":true,"price":627.8,"quantity":3.9,"timestamp":1772552650522},{"is_buyer_maker":true,"price":627.8,"quantity":0.02,"timestamp":1772552650522},{"is_buyer_maker":true,"price":627.8,"quantity":1.21,"timestamp":1772552650522},{"is_buyer_maker":true,"price":627.8,"quantity":0.39,"timestamp":1772552650522},{"is_buyer_maker":true,"price":627.8,"quantity":0.42,"timestamp":1772552650522},{"is_buyer_maker":true,"price":627.8,"quantity":0.12,"timestamp":1772552650522},{"is_buyer_maker":true,"price":627.8,"quantity":3.9,"timestamp":1772552650522},{"is_buyer_maker":true,"price":627.8,"quantity":0.02,"timestamp":1772552650522},{"is_buyer_maker":true,"price":627.8,"quantity":1.21,"timestamp":1772552650522},{"is_buyer_maker":true,"price":627.8,"quantity":0.39,"timestamp":1772552650522},{"is_buyer_maker":true,"price":627.8,"quantity":0.42,"timestamp":1772552650522},{"is_buyer_maker":true,"price":627.8,"quantity":0.12,"timestamp":1772552650522},{"is_buyer_maker":true,"price":627.8,"quantity":3.9,"timestamp":1772552650522},{"is_buyer_maker":true,"price":627.8,"quantity":0.02,"timestamp":1772552650522},{"is_buyer_maker":true,"price":627.8,"quantity":1.21,"timestamp":1772552650522},{"is_buyer_maker":true,"price":627.8,"quantity":0.39,"timestamp":1772552650522},{"is_buyer_maker":true,"price":627.8,"quantity":0.42,"timestamp":1772552650522},{"is_buyer_maker":true,"price":627.8,"quantity":0.12,"timestamp":1772552650522},{"is_buyer_maker":true,"price":627.8,"quantity":3.9,"timestamp":1772552650522},{"is_buyer_maker":true,"price":627.8,"quantity":0.02,"timestamp":1772552650522},{"is_buyer_maker":true,"price":627.8,"quantity":1.21,"timestamp":1772552650522},{"is_buyer_maker":true,"price":627.8,"quantity":0.39,"timestamp":1772552650522},{"is_buyer_maker":true,"price":627.8,"quantity":0.42,"timestamp":1772552650522},{"is_buyer_maker":true,"price":627.8,"quantity":0.12,"timestamp":1772552650522},{"is_buyer_maker":true,"price":627.8,"quantity":3.9,"timestamp":1772552650522},{"is_buyer_maker":true,"price":627.8,"quantity":0.02,"timestamp":1772552650522},{"is_buyer_maker":true,"price":627.8,"quantity":1.21,"timestamp":1772552650522},{"is_buyer_maker":true,"price":627.8,"quantity":0.39,"timestamp":1772552650522},{"is_buyer_maker":true,"price":627.8,"quantity":0.42,"timestamp":1772552650522},{"is_buyer_maker":true,"price":627.8,"quantity":0.12,"timestamp":1772552650522},{"is_buyer_maker":true,"price":627.8,"quantity":3.9,"timestamp":1772552650522},{"is_buyer_maker":true,"price":627.8,"quantity":0.02,"timestamp":1772552650522},{"is_buyer_maker":true,"price":627.8,"quantity":1.21,"timestamp":1772552650522},{"is_buyer_maker":true,"price":627.8,"quantity":0.39,"timestamp":1772552650522},{"is_buyer_maker":true,"price":627.8,"quantity":0.42,"timestamp":1772552650522},{"is_buyer_maker":true,"price":627.8,"quantity":0.12,"timestamp":1772552650522},{"is_buyer_maker":true,"price":627.8,"quantity":3.9,"timestamp":1772552650522},{"is_buyer_maker":true,"price":627.8,"quantity":0.39,"timestamp":1772552650525},{"is_buyer_maker":true,"price":627.8,"quantity":0.1,"timestamp":1772552650525},{"is_buyer_maker":true,"price":627.8,"quantity":0.39,"timestamp":1772552650525},{"is_buyer_maker":true,"price":627.8,"quantity":0.1,"timestamp":1772552650525},{"is_buyer_maker":true,"price":627.8,"quantity":0.39,"timestamp":1772552650525},{"is_buyer_maker":true,"price":627.8,"quantity":0.1,"timestamp":1772552650525},{"is_buyer_maker":true,"price":627.8,"quantity":0.39,"timestamp":1772552650525},{"is_buyer_maker":true,"price":627.8,"quantity":0.1,"timestamp":1772552650525},{"is_buyer_maker":true,"price":627.8,"quantity":0.39,"timestamp":1772552650525},{"is_buyer_maker":true,"price":627.8,"quantity":0.1,"timestamp":1772552650525},{"is_buyer_maker":true,"price":627.8,"quantity":0.39,"timestamp":1772552650525},{"is_buyer_maker":true,"price":627.8,"quantity":0.1,"timestamp":1772552650525},{"is_buyer_maker":true,"price":627.8,"quantity":0.39,"timestamp":1772552650525},{"is_buyer_maker":true,"price":627.8,"quantity":0.1,"timestamp":1772552650525},{"is_buyer_maker":true,"price":627.8,"quantity":0.39,"timestamp":1772552650525},{"is_buyer_maker":true,"price":627.8,"quantity":0.1,"timestamp":1772552650525},{"is_buyer_maker":true,"price":627.8,"quantity":0.39,"timestamp":1772552650525},{"is_buyer_maker":true,"price":627.8,"quantity":0.1,"timestamp":1772552650525},{"is_buyer_maker":true,"price":627.8,"quantity":0.39,"timestamp":1772552650525},{"is_buyer_maker":true,"price":627.8,"quantity":0.1,"timestamp":1772552650525},{"is_buyer_maker":true,"price":627.8,"quantity":0.39,"timestamp":1772552650525},{"is_buyer_maker":true,"price":627.8,"quantity":0.1,"timestamp":1772552650525},{"is_buyer_maker":true,"price":627.8,"quantity":0.39,"timestamp":1772552650525},{"is_buyer_maker":true,"price":627.8,"quantity":0.1,"timestamp":1772552650525},{"is_buyer_maker":true,"price":627.8,"quantity":0.39,"timestamp":1772552650525},{"is_buyer_maker":true,"price":627.8,"quantity":0.1,"timestamp":1772552650525},{"is_buyer_maker":true,"price":627.8,"quantity":0.39,"timestamp":1772552650525},{"is_buyer_maker":true,"price":627.8,"quantity":0.1,"timestamp":1772552650525},{"is_buyer_maker":true,"price":627.8,"quantity":0.39,"timestamp":1772552650525},{"is_buyer_maker":true,"price":627.8,"quantity":0.1,"timestamp":1772552650525},{"is_buyer_maker":true,"price":627.8,"quantity":0.39,"timestamp":1772552650525},{"is_buyer_maker":true,"price":627.8,"quantity":0.1,"timestamp":1772552650525},{"is_buyer_maker":true,"price":627.8,"quantity":0.39,"timestamp":1772552650525},{"is_buyer_maker":true,"price":627.8,"quantity":0.1,"timestamp":1772552650525},{"is_buyer_maker":true,"price":627.8,"quantity":0.39,"timestamp":1772552650525},{"is_buyer_maker":true,"price":627.8,"quantity":0.1,"timestamp":1772552650525},{"is_buyer_maker":true,"price":627.8,"quantity":0.39,"timestamp":1772552650525},{"is_buyer_maker":true,"price":627.8,"quantity":0.1,"timestamp":1772552650525},{"is_buyer_maker":true,"price":627.8,"quantity":0.02,"timestamp":1772552651151},{"is_buyer_maker":true,"price":627.8,"quantity":0.06,"timestamp":1772552651151},{"is_buyer_maker":true,"price":627.8,"quantity":2.18,"timestamp":1772552651151},{"is_buyer_maker":true,"price":627.8,"quantity":2.11,"timestamp":1772552651151},{"is_buyer_maker":true,"price":627.8,"quantity":0.02,"timestamp":1772552651151},{"is_buyer_maker":true,"price":627.8,"quantity":0.06,"timestamp":1772552651151},{"is_buyer_maker":true,"price":627.8,"quantity":2.18,"timestamp":1772552651151},{"is_buyer_maker":true,"price":627.8,"quantity":2.11,"timestamp":1772552651151},{"is_buyer_maker":true,"price":627.8,"quantity":0.02,"timestamp":1772552651151},{"is_buyer_maker":true,"price":627.8,"quantity":0.06,"timestamp":1772552651151},{"is_buyer_maker":true,"price":627.8,"quantity":2.18,"timestamp":1772552651151},{"is_buyer_maker":true,"price":627.8,"quantity":2.11,"timestamp":1772552651151},{"is_buyer_maker":true,"price":627.8,"quantity":0.02,"timestamp":1772552651151},{"is_buyer_maker":true,"price":627.8,"quantity":0.06,"timestamp":1772552651151},{"is_buyer_maker":true,"price":627.8,"quantity":2.18,"timestamp":1772552651151},{"is_buyer_maker":true,"price":627.8,"quantity":2.11,"timestamp":1772552651151},{"is_buyer_maker":true,"price":627.8,"quantity":0.02,"timestamp":1772552651151},{"is_buyer_maker":true,"price":627.8,"quantity":0.06,"timestamp":1772552651151},{"is_buyer_maker":true,"price":627.8,"quantity":2.18,"timestamp":1772552651151},{"is_buyer_maker":true,"price":627.8,"quantity":2.11,"timestamp":1772552651151},{"is_buyer_maker":true,"price":627.8,"quantity":0.02,"timestamp":1772552651151},{"is_buyer_maker":true,"price":627.8,"quantity":0.06,"timestamp":1772552651151},{"is_buyer_maker":true,"price":627.8,"quantity":2.18,"timestamp":1772552651151},{"is_buyer_maker":true,"price":627.8,"quantity":2.11,"timestamp":1772552651151},{"is_buyer_maker":true,"price":627.8,"quantity":0.02,"timestamp":1772552651151},{"is_buyer_maker":true,"price":627.8,"quantity":0.06,"timestamp":1772552651151},{"is_buyer_maker":true,"price":627.8,"quantity":2.18,"timestamp":1772552651151},{"is_buyer_maker":true,"price":627.8,"quantity":2.11,"timestamp":1772552651151},{"is_buyer_maker":true,"price":627.8,"quantity":0.02,"timestamp":1772552651151},{"is_buyer_maker":true,"price":627.8,"quantity":0.06,"timestamp":1772552651151},{"is_buyer_maker":true,"price":627.8,"quantity":2.18,"timestamp":1772552651151},{"is_buyer_maker":true,"price":627.8,"quantity":2.11,"timestamp":1772552651151},{"is_buyer_maker":true,"price":627.8,"quantity":0.02,"timestamp":1772552651151},{"is_buyer_maker":true,"price":627.8,"quantity":0.06,"timestamp":1772552651151},{"is_buyer_maker":true,"price":627.8,"quantity":2.18,"timestamp":1772552651151},{"is_buyer_maker":true,"price":627.8,"quantity":2.11,"timestamp":1772552651151},{"is_buyer_maker":true,"price":627.8,"quantity":0.02,"timestamp":1772552651151},{"is_buyer_maker":true,"price":627.8,"quantity":0.06,"timestamp":1772552651151},{"is_buyer_maker":true,"price":627.8,"quantity":2.18,"timestamp":1772552651151},{"is_buyer_maker":true,"price":627.8,"quantity":2.11,"timestamp":1772552651151},{"is_buyer_maker":true,"price":627.8,"quantity":0.02,"timestamp":1772552651151},{"is_buyer_maker":true,"price":627.8,"quantity":0.06,"timestamp":1772552651151},{"is_buyer_maker":true,"price":627.8,"quantity":2.18,"timestamp":1772552651151},{"is_buyer_maker":true,"price":627.8,"quantity":2.11,"timestamp":1772552651151},{"is_buyer_maker":true,"price":627.8,"quantity":0.02,"timestamp":1772552651151},{"is_buyer_maker":true,"price":627.8,"quantity":0.06,"timestamp":1772552651151},{"is_buyer_maker":true,"price":627.8,"quantity":2.18,"timestamp":1772552651151},{"is_buyer_maker":true,"price":627.8,"quantity":2.11,"timestamp":1772552651151},{"is_buyer_maker":true,"price":627.8,"quantity":0.02,"timestamp":1772552651151},{"is_buyer_maker":true,"price":627.8,"quantity":0.06,"timestamp":1772552651151},{"is_buyer_maker":true,"price":627.8,"quantity":2.18,"timestamp":1772552651151},{"is_buyer_maker":true,"price":627.8,"quantity":2.11,"timestamp":1772552651151},{"is_buyer_maker":true,"price":627.8,"quantity":0.02,"timestamp":1772552651151},{"is_buyer_maker":true,"price":627.8,"quantity":0.06,"timestamp":1772552651151},{"is_buyer_maker":true,"price":627.8,"quantity":2.18,"timestamp":1772552651151},{"is_buyer_maker":true,"price":627.8,"quantity":2.11,"timestamp":1772552651151},{"is_buyer_maker":true,"price":627.8,"quantity":0.02,"timestamp":1772552651151},{"is_buyer_maker":true,"price":627.8,"quantity":0.06,"timestamp":1772552651151},{"is_buyer_maker":true,"price":627.8,"quantity":2.18,"timestamp":1772552651151},{"is_buyer_maker":true,"price":627.8,"quantity":2.11,"timestamp":1772552651151},{"is_buyer_maker":true,"price":627.8,"quantity":0.02,"timestamp":1772552651151},{"is_buyer_maker":true,"price":627.8,"quantity":0.06,"timestamp":1772552651151},{"is_buyer_maker":true,"price":627.8,"quantity":2.18,"timestamp":1772552651151},{"is_buyer_maker":true,"price":627.8,"quantity":2.11,"timestamp":1772552651151},{"is_buyer_maker":true,"price":627.8,"quantity":0.02,"timestamp":1772552651151},{"is_buyer_maker":true,"price":627.8,"quantity":0.06,"timestamp":1772552651151},{"is_buyer_maker":true,"price":627.8,"quantity":2.18,"timestamp":1772552651151},{"is_buyer_maker":true,"price":627.8,"quantity":2.11,"timestamp":1772552651151},{"is_buyer_maker":true,"price":627.8,"quantity":0.02,"timestamp":1772552651151},{"is_buyer_maker":true,"price":627.8,"quantity":0.06,"timestamp":1772552651151},{"is_buyer_maker":true,"price":627.8,"quantity":2.18,"timestamp":1772552651151},{"is_buyer_maker":true,"price":627.8,"quantity":2.11,"timestamp":1772552651151},{"is_buyer_maker":true,"price":627.8,"quantity":0.02,"timestamp":1772552651151},{"is_buyer_maker":true,"price":627.8,"quantity":0.06,"timestamp":1772552651151},{"is_buyer_maker":true,"price":627.8,"quantity":2.18,"timestamp":1772552651151},{"is_buyer_maker":true,"price":627.8,"quantity":2.11,"timestamp":1772552651151},{"is_buyer_maker":true,"price":627.7,"quantity":0.02,"timestamp":1772552651243},{"is_buyer_maker":true,"price":627.7,"quantity":0.01,"timestamp":1772552651243},{"is_buyer_maker":true,"price":627.7,"quantity":0.02,"timestamp":1772552651243},{"is_buyer_maker":true,"price":627.7,"quantity":0.42,"timestamp":1772552651243},{"is_buyer_maker":true,"price":627.7,"quantity":0.01,"timestamp":1772552651243},{"is_buyer_maker":true,"price":627.7,"quantity":0.12,"timestamp":1772552651243},{"is_buyer_maker":true,"price":627.7,"quantity":0.8,"timestamp":1772552651243},{"is_buyer_maker":true,"price":627.7,"quantity":0.06,"timestamp":1772552651243},{"is_buyer_maker":true,"price":627.7,"quantity":0.02,"timestamp":1772552651243},{"is_buyer_maker":true,"price":627.7,"quantity":0.01,"timestamp":1772552651243},{"is_buyer_maker":true,"price":627.7,"quantity":0.02,"timestamp":1772552651243},{"is_buyer_maker":true,"price":627.7,"quantity":0.42,"timestamp":1772552651243},{"is_buyer_maker":true,"price":627.7,"quantity":0.01,"timestamp":1772552651243},{"is_buyer_maker":true,"price":627.7,"quantity":0.12,"timestamp":1772552651243},{"is_buyer_maker":true,"price":627.7,"quantity":0.8,"timestamp":1772552651243},{"is_buyer_maker":true,"price":627.7,"quantity":0.06,"timestamp":1772552651243},{"is_buyer_maker":true,"price":627.7,"quantity":0.02,"timestamp":1772552651243},{"is_buyer_maker":true,"price":627.7,"quantity":0.01,"timestamp":1772552651243},{"is_buyer_maker":true,"price":627.7,"quantity":0.02,"timestamp":1772552651243},{"is_buyer_maker":true,"price":627.7,"quantity":0.42,"timestamp":1772552651243},{"is_buyer_maker":true,"price":627.7,"quantity":0.01,"timestamp":1772552651243},{"is_buyer_maker":true,"price":627.7,"quantity":0.12,"timestamp":1772552651243},{"is_buyer_maker":true,"price":627.7,"quantity":0.8,"timestamp":1772552651243},{"is_buyer_maker":true,"price":627.7,"quantity":0.06,"timestamp":1772552651243},{"is_buyer_maker":true,"price":627.7,"quantity":0.02,"timestamp":1772552651243},{"is_buyer_maker":true,"price":627.7,"quantity":0.01,"timestamp":1772552651243},{"is_buyer_maker":true,"price":627.7,"quantity":0.02,"timestamp":1772552651243},{"is_buyer_maker":true,"price":627.7,"quantity":0.42,"timestamp":1772552651243},{"is_buyer_maker":true,"price":627.7,"quantity":0.01,"timestamp":1772552651243},{"is_buyer_maker":true,"price":627.7,"quantity":0.12,"timestamp":1772552651243},{"is_buyer_maker":true,"price":627.7,"quantity":0.8,"timestamp":1772552651243},{"is_buyer_maker":true,"price":627.7,"quantity":0.06,"timestamp":1772552651243},{"is_buyer_maker":true,"price":627.7,"quantity":0.02,"timestamp":1772552651243},{"is_buyer_maker":true,"price":627.7,"quantity":0.01,"timestamp":1772552651243},{"is_buyer_maker":true,"price":627.7,"quantity":0.02,"timestamp":1772552651243},{"is_buyer_maker":true,"price":627.7,"quantity":0.42,"timestamp":1772552651243},{"is_buyer_maker":true,"price":627.7,"quantity":0.01,"timestamp":1772552651243},{"is_buyer_maker":true,"price":627.7,"quantity":0.12,"timestamp":1772552651243},{"is_buyer_maker":true,"price":627.7,"quantity":0.8,"timestamp":1772552651243},{"is_buyer_maker":true,"price":627.7,"quantity":0.06,"timestamp":1772552651243},{"is_buyer_maker":true,"price":627.7,"quantity":0.02,"timestamp":1772552651243},{"is_buyer_maker":true,"price":627.7,"quantity":0.01,"timestamp":1772552651243},{"is_buyer_maker":true,"price":627.7,"quantity":0.02,"timestamp":1772552651243},{"is_buyer_maker":true,"price":627.7,"quantity":0.42,"timestamp":1772552651243},{"is_buyer_maker":true,"price":627.7,"quantity":0.01,"timestamp":1772552651243},{"is_buyer_maker":true,"price":627.7,"quantity":0.12,"timestamp":1772552651243},{"is_buyer_maker":true,"price":627.7,"quantity":0.8,"timestamp":1772552651243},{"is_buyer_maker":true,"price":627.7,"quantity":0.06,"timestamp":1772552651243},{"is_buyer_maker":true,"price":627.7,"quantity":0.02,"timestamp":1772552651243},{"is_buyer_maker":true,"price":627.7,"quantity":0.01,"timestamp":1772552651243},{"is_buyer_maker":true,"price":627.7,"quantity":0.02,"timestamp":1772552651243},{"is_buyer_maker":true,"price":627.7,"quantity":0.42,"timestamp":1772552651243},{"is_buyer_maker":true,"price":627.7,"quantity":0.01,"timestamp":1772552651243},{"is_buyer_maker":true,"price":627.7,"quantity":0.12,"timestamp":1772552651243},{"is_buyer_maker":true,"price":627.7,"quantity":0.8,"timestamp":1772552651243},{"is_buyer_maker":true,"price":627.7,"quantity":0.06,"timestamp":1772552651243},{"is_buyer_maker":true,"price":627.7,"quantity":0.02,"timestamp":1772552651243},{"is_buyer_maker":true,"price":627.7,"quantity":0.01,"timestamp":1772552651243},{"is_buyer_maker":true,"price":627.7,"quantity":0.02,"timestamp":1772552651243},{"is_buyer_maker":true,"price":627.7,"quantity":0.42,"timestamp":1772552651243},{"is_buyer_maker":true,"price":627.7,"quantity":0.01,"timestamp":1772552651243},{"is_buyer_maker":true,"price":627.7,"quantity":0.12,"timestamp":1772552651243},{"is_buyer_maker":true,"price":627.7,"quantity":0.8,"timestamp":1772552651243},{"is_buyer_maker":true,"price":627.7,"quantity":0.06,"timestamp":1772552651243},{"is_buyer_maker":true,"price":627.7,"quantity":0.02,"timestamp":1772552651243},{"is_buyer_maker":true,"price":627.7,"quantity":0.01,"timestamp":1772552651243},{"is_buyer_maker":true,"price":627.7,"quantity":0.02,"timestamp":1772552651243},{"is_buyer_maker":true,"price":627.7,"quantity":0.42,"timestamp":1772552651243},{"is_buyer_maker":true,"price":627.7,"quantity":0.01,"timestamp":1772552651243},{"is_buyer_maker":true,"price":627.7,"quantity":0.12,"timestamp":1772552651243},{"is_buyer_maker":true,"price":627.7,"quantity":0.8,"timestamp":1772552651243},{"is_buyer_maker":true,"price":627.7,"quantity":0.06,"timestamp":1772552651243},{"is_buyer_maker":true,"price":627.7,"quantity":0.02,"timestamp":1772552651243},{"is_buyer_maker":true,"price":627.7,"quantity":0.01,"timestamp":1772552651243},{"is_buyer_maker":true,"price":627.7,"quantity":0.02,"timestamp":1772552651243},{"is_buyer_maker":true,"price":627.7,"quantity":0.42,"timestamp":1772552651243},{"is_buyer_maker":true,"price":627.7,"quantity":0.01,"timestamp":1772552651243},{"is_buyer_maker":true,"price":627.7,"quantity":0.12,"timestamp":1772552651243},{"is_buyer_maker":true,"price":627.7,"quantity":0.8,"timestamp":1772552651243},{"is_buyer_maker":true,"price":627.7,"quantity":0.06,"timestamp":1772552651243},{"is_buyer_maker":true,"price":627.7,"quantity":0.02,"timestamp":1772552651243},{"is_buyer_maker":true,"price":627.7,"quantity":0.01,"timestamp":1772552651243},{"is_buyer_maker":true,"price":627.7,"quantity":0.02,"timestamp":1772552651243},{"is_buyer_maker":true,"price":627.7,"quantity":0.42,"timestamp":1772552651243},{"is_buyer_maker":true,"price":627.7,"quantity":0.01,"timestamp":1772552651243},{"is_buyer_maker":true,"price":627.7,"quantity":0.12,"timestamp":1772552651243},{"is_buyer_maker":true,"price":627.7,"quantity":0.8,"timestamp":1772552651243},{"is_buyer_maker":true,"price":627.7,"quantity":0.06,"timestamp":1772552651243},{"is_buyer_maker":true,"price":627.7,"quantity":0.02,"timestamp":1772552651243},{"is_buyer_maker":true,"price":627.7,"quantity":0.01,"timestamp":1772552651243},{"is_buyer_maker":true,"price":627.7,"quantity":0.02,"timestamp":1772552651243},{"is_buyer_maker":true,"price":627.7,"quantity":0.42,"timestamp":1772552651243},{"is_buyer_maker":true,"price":627.7,"quantity":0.01,"timestamp":1772552651243},{"is_buyer_maker":true,"price":627.7,"quantity":0.12,"timestamp":1772552651243},{"is_buyer_maker":true,"price":627.7,"quantity":0.8,"timestamp":1772552651243},{"is_buyer_maker":true,"price":627.7,"quantity":0.06,"timestamp":1772552651243},{"is_buyer_maker":true,"price":627.7,"quantity":0.02,"timestamp":1772552651243},{"is_buyer_maker":true,"price":627.7,"quantity":0.01,"timestamp":1772552651243},{"is_buyer_maker":true,"price":627.7,"quantity":0.02,"timestamp":1772552651243},{"is_buyer_maker":true,"price":627.7,"quantity":0.42,"timestamp":1772552651243},{"is_buyer_maker":true,"price":627.7,"quantity":0.01,"timestamp":1772552651243},{"is_buyer_maker":true,"price":627.7,"quantity":0.12,"timestamp":1772552651243},{"is_buyer_maker":true,"price":627.7,"quantity":0.8,"timestamp":1772552651243},{"is_buyer_maker":true,"price":627.7,"quantity":0.06,"timestamp":1772552651243},{"is_buyer_maker":true,"price":627.7,"quantity":0.02,"timestamp":1772552651243},{"is_buyer_maker":true,"price":627.7,"quantity":0.01,"timestamp":1772552651243},{"is_buyer_maker":true,"price":627.7,"quantity":0.02,"timestamp":1772552651243},{"is_buyer_maker":true,"price":627.7,"quantity":0.42,"timestamp":1772552651243},{"is_buyer_maker":true,"price":627.7,"quantity":0.01,"timestamp":1772552651243},{"is_buyer_maker":true,"price":627.7,"quantity":0.12,"timestamp":1772552651243},{"is_buyer_maker":true,"price":627.7,"quantity":0.8,"timestamp":1772552651243},{"is_buyer_maker":true,"price":627.7,"quantity":0.06,"timestamp":1772552651243},{"is_buyer_maker":true,"price":627.7,"quantity":0.02,"timestamp":1772552651243},{"is_buyer_maker":true,"price":627.7,"quantity":0.01,"timestamp":1772552651243},{"is_buyer_maker":true,"price":627.7,"quantity":0.02,"timestamp":1772552651243},{"is_buyer_maker":true,"price":627.7,"quantity":0.42,"timestamp":1772552651243},{"is_buyer_maker":true,"price":627.7,"quantity":0.01,"timestamp":1772552651243},{"is_buyer_maker":true,"price":627.7,"quantity":0.12,"timestamp":1772552651243},{"is_buyer_maker":true,"price":627.7,"quantity":0.8,"timestamp":1772552651243},{"is_buyer_maker":true,"price":627.7,"quantity":0.06,"timestamp":1772552651243},{"is_buyer_maker":true,"price":627.7,"quantity":0.02,"timestamp":1772552651243},{"is_buyer_maker":true,"price":627.7,"quantity":0.01,"timestamp":1772552651243},{"is_buyer_maker":true,"price":627.7,"quantity":0.02,"timestamp":1772552651243},{"is_buyer_maker":true,"price":627.7,"quantity":0.42,"timestamp":1772552651243},{"is_buyer_maker":true,"price":627.7,"quantity":0.01,"timestamp":1772552651243},{"is_buyer_maker":true,"price":627.7,"quantity":0.12,"timestamp":1772552651243},{"is_buyer_maker":true,"price":627.7,"quantity":0.8,"timestamp":1772552651243},{"is_buyer_maker":true,"price":627.7,"quantity":0.06,"timestamp":1772552651243},{"is_buyer_maker":true,"price":627.7,"quantity":0.02,"timestamp":1772552651243},{"is_buyer_maker":true,"price":627.7,"quantity":0.01,"timestamp":1772552651243},{"is_buyer_maker":true,"price":627.7,"quantity":0.02,"timestamp":1772552651243},{"is_buyer_maker":true,"price":627.7,"quantity":0.42,"timestamp":1772552651243},{"is_buyer_maker":true,"price":627.7,"quantity":0.01,"timestamp":1772552651243},{"is_buyer_maker":true,"price":627.7,"quantity":0.12,"timestamp":1772552651243},{"is_buyer_maker":true,"price":627.7,"quantity":0.8,"timestamp":1772552651243},{"is_buyer_maker":true,"price":627.7,"quantity":0.06,"timestamp":1772552651243},{"is_buyer_maker":true,"price":627.7,"quantity":0.02,"timestamp":1772552651243},{"is_buyer_maker":true,"price":627.7,"quantity":0.01,"timestamp":1772552651243},{"is_buyer_maker":true,"price":627.7,"quantity":0.02,"timestamp":1772552651243},{"is_buyer_maker":true,"price":627.7,"quantity":0.42,"timestamp":1772552651243},{"is_buyer_maker":true,"price":627.7,"quantity":0.01,"timestamp":1772552651243},{"is_buyer_maker":true,"price":627.7,"quantity":0.12,"timestamp":1772552651243},{"is_buyer_maker":true,"price":627.7,"quantity":0.8,"timestamp":1772552651243},{"is_buyer_maker":true,"price":627.7,"quantity":0.06,"timestamp":1772552651243},{"is_buyer_maker":true,"price":627.7,"quantity":0.02,"timestamp":1772552651243},{"is_buyer_maker":true,"price":627.7,"quantity":0.01,"timestamp":1772552651243},{"is_buyer_maker":true,"price":627.7,"quantity":0.02,"timestamp":1772552651243},{"is_buyer_maker":true,"price":627.7,"quantity":0.42,"timestamp":1772552651243},{"is_buyer_maker":true,"price":627.7,"quantity":0.01,"timestamp":1772552651243},{"is_buyer_maker":true,"price":627.7,"quantity":0.12,"timestamp":1772552651243},{"is_buyer_maker":true,"price":627.7,"quantity":0.8,"timestamp":1772552651243},{"is_buyer_maker":true,"price":627.7,"quantity":0.06,"timestamp":1772552651243},{"is_buyer_maker":false,"price":627.7,"quantity":0.67,"timestamp":1772552651790},{"is_buyer_maker":false,"price":627.7,"quantity":0.02,"timestamp":1772552652348},{"is_buyer_maker":false,"price":627.7,"quantity":0.11,"timestamp":1772552652348},{"is_buyer_maker":false,"price":627.7,"quantity":0.26,"timestamp":1772552652348},{"is_buyer_maker":false,"price":627.7,"quantity":0.02,"timestamp":1772552652348},{"is_buyer_maker":false,"price":627.7,"quantity":0.11,"timestamp":1772552652348},{"is_buyer_maker":false,"price":627.7,"quantity":0.26,"timestamp":1772552652348},{"is_buyer_maker":false,"price":627.7,"quantity":0.02,"timestamp":1772552652348},{"is_buyer_maker":false,"price":627.7,"quantity":0.11,"timestamp":1772552652348},{"is_buyer_maker":false,"price":627.7,"quantity":0.26,"timestamp":1772552652348},{"is_buyer_maker":false,"price":627.7,"quantity":0.02,"timestamp":1772552652348},{"is_buyer_maker":false,"price":627.7,"quantity":0.11,"timestamp":1772552652348},{"is_buyer_maker":false,"price":627.7,"quantity":0.26,"timestamp":1772552652348},{"is_buyer_maker":false,"price":627.7,"quantity":0.02,"timestamp":1772552652348},{"is_buyer_maker":false,"price":627.7,"quantity":0.11,"timestamp":1772552652348},{"is_buyer_maker":false,"price":627.7,"quantity":0.26,"timestamp":1772552652348},{"is_buyer_maker":false,"price":627.7,"quantity":0.02,"timestamp":1772552652348},{"is_buyer_maker":false,"price":627.7,"quantity":0.11,"timestamp":1772552652348},{"is_buyer_maker":false,"price":627.7,"quantity":0.26,"timestamp":1772552652348},{"is_buyer_maker":false,"price":627.7,"quantity":0.02,"timestamp":1772552652348},{"is_buyer_maker":false,"price":627.7,"quantity":0.11,"timestamp":1772552652348},{"is_buyer_maker":false,"price":627.7,"quantity":0.26,"timestamp":1772552652348},{"is_buyer_maker":false,"price":627.7,"quantity":0.02,"timestamp":1772552652348},{"is_buyer_maker":false,"price":627.7,"quantity":0.11,"timestamp":1772552652348},{"is_buyer_maker":false,"price":627.7,"quantity":0.26,"timestamp":1772552652348},{"is_buyer_maker":false,"price":627.7,"quantity":0.02,"timestamp":1772552652348},{"is_buyer_maker":false,"price":627.7,"quantity":0.11,"timestamp":1772552652348},{"is_buyer_maker":false,"price":627.7,"quantity":0.26,"timestamp":1772552652348},{"is_buyer_maker":false,"price":627.7,"quantity":0.02,"timestamp":1772552652348},{"is_buyer_maker":false,"price":627.7,"quantity":0.11,"timestamp":1772552652348},{"is_buyer_maker":false,"price":627.7,"quantity":0.26,"timestamp":1772552652348},{"is_buyer_maker":false,"price":627.7,"quantity":0.02,"timestamp":1772552652348},{"is_buyer_maker":false,"price":627.7,"quantity":0.11,"timestamp":1772552652348},{"is_buyer_maker":false,"price":627.7,"quantity":0.26,"timestamp":1772552652348},{"is_buyer_maker":false,"price":627.7,"quantity":0.02,"timestamp":1772552652348},{"is_buyer_maker":false,"price":627.7,"quantity":0.11,"timestamp":1772552652348},{"is_buyer_maker":false,"price":627.7,"quantity":0.26,"timestamp":1772552652348},{"is_buyer_maker":false,"price":627.7,"quantity":0.02,"timestamp":1772552652348},{"is_buyer_maker":false,"price":627.7,"quantity":0.11,"timestamp":1772552652348},{"is_buyer_maker":false,"price":627.7,"quantity":0.26,"timestamp":1772552652348},{"is_buyer_maker":false,"price":627.7,"quantity":0.02,"timestamp":1772552652348},{"is_buyer_maker":false,"price":627.7,"quantity":0.11,"timestamp":1772552652348},{"is_buyer_maker":false,"price":627.7,"quantity":0.26,"timestamp":1772552652348},{"is_buyer_maker":false,"price":627.7,"quantity":0.02,"timestamp":1772552652348},{"is_buyer_maker":false,"price":627.7,"quantity":0.11,"timestamp":1772552652348},{"is_buyer_maker":false,"price":627.7,"quantity":0.26,"timestamp":1772552652348},{"is_buyer_maker":false,"price":627.7,"quantity":0.02,"timestamp":1772552652348},{"is_buyer_maker":false,"price":627.7,"quantity":0.11,"timestamp":1772552652348},{"is_buyer_maker":false,"price":627.7,"quantity":0.26,"timestamp":1772552652348},{"is_buyer_maker":false,"price":627.7,"quantity":0.02,"timestamp":1772552652348},{"is_buyer_maker":false,"price":627.7,"quantity":0.11,"timestamp":1772552652348},{"is_buyer_maker":false,"price":627.7,"quantity":0.26,"timestamp":1772552652348},{"is_buyer_maker":false,"price":627.7,"quantity":0.02,"timestamp":1772552652348},{"is_buyer_maker":false,"price":627.7,"quantity":0.11,"timestamp":1772552652348},{"is_buyer_maker":false,"price":627.7,"quantity":0.26,"timestamp":1772552652348},{"is_buyer_maker":false,"price":627.7,"quantity":0.02,"timestamp":1772552652348},{"is_buyer_maker":false,"price":627.7,"quantity":0.11,"timestamp":1772552652348},{"is_buyer_maker":false,"price":627.7,"quantity":0.26,"timestamp":1772552652348},{"is_buyer_maker":true,"price":627.7,"quantity":1.7,"timestamp":1772552653130},{"is_buyer_maker":true,"price":627.7,"quantity":0.02,"timestamp":1772552653130},{"is_buyer_maker":true,"price":627.7,"quantity":0.39,"timestamp":1772552653130},{"is_buyer_maker":true,"price":627.7,"quantity":1.7,"timestamp":1772552653130},{"is_buyer_maker":true,"price":627.7,"quantity":0.02,"timestamp":1772552653130},{"is_buyer_maker":true,"price":627.7,"quantity":0.39,"timestamp":1772552653130},{"is_buyer_maker":true,"price":627.7,"quantity":1.7,"timestamp":1772552653130},{"is_buyer_maker":true,"price":627.7,"quantity":0.02,"timestamp":1772552653130},{"is_buyer_maker":true,"price":627.7,"quantity":0.39,"timestamp":1772552653130},{"is_buyer_maker":true,"price":627.7,"quantity":1.7,"timestamp":1772552653130},{"is_buyer_maker":true,"price":627.7,"quantity":0.02,"timestamp":1772552653130},{"is_buyer_maker":true,"price":627.7,"quantity":0.39,"timestamp":1772552653130},{"is_buyer_maker":true,"price":627.7,"quantity":1.7,"timestamp":1772552653130},{"is_buyer_maker":true,"price":627.7,"quantity":0.02,"timestamp":1772552653130},{"is_buyer_maker":true,"price":627.7,"quantity":0.39,"timestamp":1772552653130},{"is_buyer_maker":true,"price":627.7,"quantity":1.7,"timestamp":1772552653130},{"is_buyer_maker":true,"price":627.7,"quantity":0.02,"timestamp":1772552653130},{"is_buyer_maker":true,"price":627.7,"quantity":0.39,"timestamp":1772552653130},{"is_buyer_maker":true,"price":627.7,"quantity":1.7,"timestamp":1772552653130},{"is_buyer_maker":true,"price":627.7,"quantity":0.02,"timestamp":1772552653130},{"is_buyer_maker":true,"price":627.7,"quantity":0.39,"timestamp":1772552653130},{"is_buyer_maker":true,"price":627.7,"quantity":1.7,"timestamp":1772552653130},{"is_buyer_maker":true,"price":627.7,"quantity":0.02,"timestamp":1772552653130},{"is_buyer_maker":true,"price":627.7,"quantity":0.39,"timestamp":1772552653130},{"is_buyer_maker":true,"price":627.7,"quantity":1.7,"timestamp":1772552653130},{"is_buyer_maker":true,"price":627.7,"quantity":0.02,"timestamp":1772552653130},{"is_buyer_maker":true,"price":627.7,"quantity":0.39,"timestamp":1772552653130},{"is_buyer_maker":true,"price":627.7,"quantity":1.7,"timestamp":1772552653130},{"is_buyer_maker":true,"price":627.7,"quantity":0.02,"timestamp":1772552653130},{"is_buyer_maker":true,"price":627.7,"quantity":0.39,"timestamp":1772552653130},{"is_buyer_maker":true,"price":627.7,"quantity":1.7,"timestamp":1772552653130},{"is_buyer_maker":true,"price":627.7,"quantity":0.02,"timestamp":1772552653130},{"is_buyer_maker":true,"price":627.7,"quantity":0.39,"timestamp":1772552653130},{"is_buyer_maker":true,"price":627.7,"quantity":1.7,"timestamp":1772552653130},{"is_buyer_maker":true,"price":627.7,"quantity":0.02,"timestamp":1772552653130},{"is_buyer_maker":true,"price":627.7,"quantity":0.39,"timestamp":1772552653130},{"is_buyer_maker":true,"price":627.7,"quantity":1.7,"timestamp":1772552653130},{"is_buyer_maker":true,"price":627.7,"quantity":0.02,"timestamp":1772552653130},{"is_buyer_maker":true,"price":627.7,"quantity":0.39,"timestamp":1772552653130},{"is_buyer_maker":true,"price":627.7,"quantity":1.7,"timestamp":1772552653130},{"is_buyer_maker":true,"price":627.7,"quantity":0.02,"timestamp":1772552653130},{"is_buyer_maker":true,"price":627.7,"quantity":0.39,"timestamp":1772552653130},{"is_buyer_maker":true,"price":627.7,"quantity":1.7,"timestamp":1772552653130},{"is_buyer_maker":true,"price":627.7,"quantity":0.02,"timestamp":1772552653130},{"is_buyer_maker":true,"price":627.7,"quantity":0.39,"timestamp":1772552653130},{"is_buyer_maker":true,"price":627.7,"quantity":1.7,"timestamp":1772552653130},{"is_buyer_maker":true,"price":627.7,"quantity":0.02,"timestamp":1772552653130},{"is_buyer_maker":true,"price":627.7,"quantity":0.39,"timestamp":1772552653130},{"is_buyer_maker":true,"price":627.7,"quantity":1.7,"timestamp":1772552653130},{"is_buyer_maker":true,"price":627.7,"quantity":0.02,"timestamp":1772552653130},{"is_buyer_maker":true,"price":627.7,"quantity":0.39,"timestamp":1772552653130},{"is_buyer_maker":true,"price":627.7,"quantity":1.7,"timestamp":1772552653130},{"is_buyer_maker":true,"price":627.7,"quantity":0.02,"timestamp":1772552653130},{"is_buyer_maker":true,"price":627.7,"quantity":0.39,"timestamp":1772552653130},{"is_buyer_maker":true,"price":627.7,"quantity":1.7,"timestamp":1772552653130},{"is_buyer_maker":true,"price":627.7,"quantity":0.02,"timestamp":1772552653130},{"is_buyer_maker":true,"price":627.7,"quantity":0.39,"timestamp":1772552653130},{"is_buyer_maker":true,"price":627.6,"quantity":0.02,"timestamp":1772552653504},{"is_buyer_maker":true,"price":627.6,"quantity":0.01,"timestamp":1772552653504},{"is_buyer_maker":true,"price":627.6,"quantity":0.05,"timestamp":1772552653504},{"is_buyer_maker":true,"price":627.6,"quantity":0.31,"timestamp":1772552653504},{"is_buyer_maker":true,"price":627.6,"quantity":0.02,"timestamp":1772552653504},{"is_buyer_maker":true,"price":627.6,"quantity":0.01,"timestamp":1772552653504},{"is_buyer_maker":true,"price":627.6,"quantity":0.05,"timestamp":1772552653504},{"is_buyer_maker":true,"price":627.6,"quantity":0.87,"timestamp":1772552653504},{"is_buyer_maker":true,"price":627.6,"quantity":0.12,"timestamp":1772552653504},{"is_buyer_maker":true,"price":627.6,"quantity":0.42,"timestamp":1772552653504},{"is_buyer_maker":true,"price":627.6,"quantity":0.63,"timestamp":1772552653504},{"is_buyer_maker":true,"price":627.6,"quantity":0.45,"timestamp":1772552653504},{"is_buyer_maker":true,"price":627.6,"quantity":5.92,"timestamp":1772552653504},{"is_buyer_maker":true,"price":627.6,"quantity":0.8,"timestamp":1772552653504},{"is_buyer_maker":true,"price":627.6,"quantity":10.47,"timestamp":1772552653504},{"is_buyer_maker":true,"price":627.6,"quantity":0.02,"timestamp":1772552653504},{"is_buyer_maker":true,"price":627.6,"quantity":0.01,"timestamp":1772552653504},{"is_buyer_maker":true,"price":627.6,"quantity":0.05,"timestamp":1772552653504},{"is_buyer_maker":true,"price":627.6,"quantity":0.31,"timestamp":1772552653504},{"is_buyer_maker":true,"price":627.6,"quantity":0.02,"timestamp":1772552653504},{"is_buyer_maker":true,"price":627.6,"quantity":0.01,"timestamp":1772552653504},{"is_buyer_maker":true,"price":627.6,"quantity":0.05,"timestamp":1772552653504},{"is_buyer_maker":true,"price":627.6,"quantity":0.87,"timestamp":1772552653504},{"is_buyer_maker":true,"price":627.6,"quantity":0.12,"timestamp":1772552653504},{"is_buyer_maker":true,"price":627.6,"quantity":0.42,"timestamp":1772552653504},{"is_buyer_maker":true,"price":627.6,"quantity":0.63,"timestamp":1772552653504},{"is_buyer_maker":true,"price":627.6,"quantity":0.45,"timestamp":1772552653504},{"is_buyer_maker":true,"price":627.6,"quantity":5.92,"timestamp":1772552653504},{"is_buyer_maker":true,"price":627.6,"quantity":0.8,"timestamp":1772552653504},{"is_buyer_maker":true,"price":627.6,"quantity":10.47,"timestamp":1772552653504},{"is_buyer_maker":true,"price":627.6,"quantity":0.02,"timestamp":1772552653504},{"is_buyer_maker":true,"price":627.6,"quantity":0.01,"timestamp":1772552653504},{"is_buyer_maker":true,"price":627.6,"quantity":0.05,"timestamp":1772552653504},{"is_buyer_maker":true,"price":627.6,"quantity":0.31,"timestamp":1772552653504},{"is_buyer_maker":true,"price":627.6,"quantity":0.02,"timestamp":1772552653504},{"is_buyer_maker":true,"price":627.6,"quantity":0.01,"timestamp":1772552653504},{"is_buyer_maker":true,"price":627.6,"quantity":0.05,"timestamp":1772552653504},{"is_buyer_maker":true,"price":627.6,"quantity":0.87,"timestamp":1772552653504},{"is_buyer_maker":true,"price":627.6,"quantity":0.12,"timestamp":1772552653504},{"is_buyer_maker":true,"price":627.6,"quantity":0.42,"timestamp":1772552653504},{"is_buyer_maker":true,"price":627.6,"quantity":0.63,"timestamp":1772552653504},{"is_buyer_maker":true,"price":627.6,"quantity":0.45,"timestamp":1772552653504},{"is_buyer_maker":true,"price":627.6,"quantity":5.92,"timestamp":1772552653504},{"is_buyer_maker":true,"price":627.6,"quantity":0.8,"timestamp":1772552653504},{"is_buyer_maker":true,"price":627.6,"quantity":10.47,"timestamp":1772552653504},{"is_buyer_maker":true,"price":627.6,"quantity":0.02,"timestamp":1772552653504},{"is_buyer_maker":true,"price":627.6,"quantity":0.01,"timestamp":1772552653504},{"is_buyer_maker":true,"price":627.6,"quantity":0.05,"timestamp":1772552653504},{"is_buyer_maker":true,"price":627.6,"quantity":0.31,"timestamp":1772552653504},{"is_buyer_maker":true,"price":627.6,"quantity":0.02,"timestamp":1772552653504},{"is_buyer_maker":true,"price":627.6,"quantity":0.01,"timestamp":1772552653504},{"is_buyer_maker":true,"price":627.6,"quantity":0.05,"timestamp":1772552653504},{"is_buyer_maker":true,"price":627.6,"quantity":0.87,"timestamp":1772552653504},{"is_buyer_maker":true,"price":627.6,"quantity":0.12,"timestamp":1772552653504},{"is_buyer_maker":true,"price":627.6,"quantity":0.42,"timestamp":1772552653504},{"is_buyer_maker":true,"price":627.6,"quantity":0.63,"timestamp":1772552653504},{"is_buyer_maker":true,"price":627.6,"quantity":0.45,"timestamp":1772552653504},{"is_buyer_maker":true,"price":627.6,"quantity":5.92,"timestamp":1772552653504},{"is_buyer_maker":true,"price":627.6,"quantity":0.8,"timestamp":1772552653504},{"is_buyer_maker":true,"price":627.6,"quantity":10.47,"timestamp":1772552653504},{"is_buyer_maker":true,"price":627.6,"quantity":0.02,"timestamp":1772552653504},{"is_buyer_maker":true,"price":627.6,"quantity":0.01,"timestamp":1772552653504},{"is_buyer_maker":true,"price":627.6,"quantity":0.05,"timestamp":1772552653504},{"is_buyer_maker":true,"price":627.6,"quantity":0.31,"timestamp":1772552653504},{"is_buyer_maker":true,"price":627.6,"quantity":0.02,"timestamp":1772552653504},{"is_buyer_maker":true,"price":627.6,"quantity":0.01,"timestamp":1772552653504},{"is_buyer_maker":true,"price":627.6,"quantity":0.05,"timestamp":1772552653504},{"is_buyer_maker":true,"price":627.6,"quantity":0.87,"timestamp":1772552653504},{"is_buyer_maker":true,"price":627.6,"quantity":0.12,"timestamp":1772552653504},{"is_buyer_maker":true,"price":627.6,"quantity":0.42,"timestamp":1772552653504},{"is_buyer_maker":true,"price":627.6,"quantity":0.63,"timestamp":1772552653504},{"is_buyer_maker":true,"price":627.6,"quantity":0.45,"timestamp":1772552653504},{"is_buyer_maker":true,"price":627.6,"quantity":5.92,"timestamp":1772552653504},{"is_buyer_maker":true,"price":627.6,"quantity":0.8,"timestamp":1772552653504},{"is_buyer_maker":true,"price":627.6,"quantity":10.47,"timestamp":1772552653504},{"is_buyer_maker":true,"price":627.6,"quantity":0.02,"timestamp":1772552653504},{"is_buyer_maker":true,"price":627.6,"quantity":0.01,"timestamp":1772552653504},{"is_buyer_maker":true,"price":627.6,"quantity":0.05,"timestamp":1772552653504},{"is_buyer_maker":true,"price":627.6,"quantity":0.31,"timestamp":1772552653504},{"is_buyer_maker":true,"price":627.6,"quantity":0.02,"timestamp":1772552653504},{"is_buyer_maker":true,"price":627.6,"quantity":0.01,"timestamp":1772552653504},{"is_buyer_maker":true,"price":627.6,"quantity":0.05,"timestamp":1772552653504},{"is_buyer_maker":true,"price":627.6,"quantity":0.87,"timestamp":1772552653504},{"is_buyer_maker":true,"price":627.6,"quantity":0.12,"timestamp":1772552653504},{"is_buyer_maker":true,"price":627.6,"quantity":0.42,"timestamp":1772552653504},{"is_buyer_maker":true,"price":627.6,"quantity":0.63,"timestamp":1772552653504},{"is_buyer_maker":true,"price":627.6,"quantity":0.45,"timestamp":1772552653504},{"is_buyer_maker":true,"price":627.6,"quantity":5.92,"timestamp":1772552653504},{"is_buyer_maker":true,"price":627.6,"quantity":0.8,"timestamp":1772552653504},{"is_buyer_maker":true,"price":627.6,"quantity":10.47,"timestamp":1772552653504},{"is_buyer_maker":true,"price":627.6,"quantity":0.02,"timestamp":1772552653504},{"is_buyer_maker":true,"price":627.6,"quantity":0.01,"timestamp":1772552653504},{"is_buyer_maker":true,"price":627.6,"quantity":0.05,"timestamp":1772552653504},{"is_buyer_maker":true,"price":627.6,"quantity":0.31,"timestamp":1772552653504},{"is_buyer_maker":true,"price":627.6,"quantity":0.02,"timestamp":1772552653504},{"is_buyer_maker":true,"price":627.6,"quantity":0.01,"timestamp":1772552653504},{"is_buyer_maker":true,"price":627.6,"quantity":0.05,"timestamp":1772552653504},{"is_buyer_maker":true,"price":627.6,"quantity":0.87,"timestamp":1772552653504},{"is_buyer_maker":true,"price":627.6,"quantity":0.12,"timestamp":1772552653504},{"is_buyer_maker":true,"price":627.6,"quantity":0.42,"timestamp":1772552653504},{"is_buyer_maker":true,"price":627.6,"quantity":0.63,"timestamp":1772552653504},{"is_buyer_maker":true,"price":627.6,"quantity":0.45,"timestamp":1772552653504},{"is_buyer_maker":true,"price":627.6,"quantity":5.92,"timestamp":1772552653504},{"is_buyer_maker":true,"price":627.6,"quantity":0.8,"timestamp":1772552653504},{"is_buyer_maker":true,"price":627.6,"quantity":10.47,"timestamp":1772552653504},{"is_buyer_maker":true,"price":627.6,"quantity":0.02,"timestamp":1772552653504},{"is_buyer_maker":true,"price":627.6,"quantity":0.01,"timestamp":1772552653504},{"is_buyer_maker":true,"price":627.6,"quantity":0.05,"timestamp":1772552653504},{"is_buyer_maker":true,"price":627.6,"quantity":0.31,"timestamp":1772552653504},{"is_buyer_maker":true,"price":627.6,"quantity":0.02,"timestamp":1772552653504},{"is_buyer_maker":true,"price":627.6,"quantity":0.01,"timestamp":1772552653504},{"is_buyer_maker":true,"price":627.6,"quantity":0.05,"timestamp":1772552653504},{"is_buyer_maker":true,"price":627.6,"quantity":0.87,"timestamp":1772552653504},{"is_buyer_maker":true,"price":627.6,"quantity":0.12,"timestamp":1772552653504},{"is_buyer_maker":true,"price":627.6,"quantity":0.42,"timestamp":1772552653504},{"is_buyer_maker":true,"price":627.6,"quantity":0.63,"timestamp":1772552653504},{"is_buyer_maker":true,"price":627.6,"quantity":0.45,"timestamp":1772552653504},{"is_buyer_maker":true,"price":627.6,"quantity":5.92,"timestamp":1772552653504}