{"exchange":"bybit","symbol":"AVAXUSDT","last_updated":1772553234754,"trades":[{"is_buyer_maker":true,"price":9.08,"quantity":1.1,"timestamp":1772552638703},{"is_buyer_maker":true,"price":9.079,"quantity":1.1,"timestamp":1772552639866},{"is_buyer_maker":true,"price":9.079,"quantity":0.7,"timestamp":1772552639866},{"is_buyer_maker":true,"price":9.079,"quantity":3.5,"timestamp":1772552639866},{"is_buyer_maker":true,"price":9.079,"quantity":1.1,"timestamp":1772552639866},{"is_buyer_maker":true,"price":9.079,"quantity":0.7,"timestamp":1772552639866},{"is_buyer_maker":true,"price":9.079,"quantity":3.5,"timestamp":1772552639866},{"is_buyer_maker":true,"price":9.079,"quantity":1.1,"timestamp":1772552639866},{"is_buyer_maker":true,"price":9.079,"quantity":0.7,"timestamp":1772552639866},{"is_buyer_maker":true,"price":9.079,"quantity":3.5,"timestamp":1772552639866},{"is_buyer_maker":true,"price":9.079,"quantity":1.1,"timestamp":1772552639866},{"is_buyer_maker":true,"price":9.079,"quantity":0.7,"timestamp":1772552639866},{"is_buyer_maker":true,"price":9.079,"quantity":3.5,"timestamp":1772552639866},{"is_buyer_maker":true,"price":9.079,"quantity":1.1,"timestamp":1772552639866},{"is_buyer_maker":true,"price":9.079,"quantity":0.7,"timestamp":1772552639866},{"is_buyer_maker":true,"price":9.079,"quantity":3.5,"timestamp":1772552639866},{"is_buyer_maker":true,"price":9.079,"quantity":1.1,"timestamp":1772552639866},{"is_buyer_maker":true,"price":9.079,"quantity":0.7,"timestamp":1772552639866},{"is_buyer_maker":true,"price":9.079,"quantity":3.5,"timestamp":1772552639866},{"is_buyer_maker":true,"price":9.079,"quantity":1.1,"timestamp":1772552639866},{"is_buyer_maker":true,"price":9.079,"quantity":0.7,"timestamp":1772552639866},{"is_buyer_maker":true,"price":9.079,"quantity":3.5,"timestamp":1772552639866},{"is_buyer_maker":true,"price":9.079,"quantity":1.1,"timestamp":1772552639866},{"is_buyer_maker":true,"price":9.079,"quantity":0.7,"timestamp":1772552639866},{"is_buyer_maker":true,"price":9.079,"quantity":3.5,"timestamp":1772552639866},{"is_buyer_maker":true,"price":9.079,"quantity":1.1,"timestamp":1772552639866},{"is_buyer_maker":true,"price":9.079,"quantity":0.7,"timestamp":1772552639866},{"is_buyer_maker":true,"price":9.079,"quantity":3.5,"timestamp":1772552639866},{"is_buyer_maker":true,"price":9.079,"quantity":1.1,"timestamp":1772552639866},{"is_buyer_maker":true,"price":9.079,"quantity":0.7,"timestamp":1772552639866},{"is_buyer_maker":true,"price":9.079,"quantity":3.5,"timestamp":1772552639866},{"is_buyer_maker":true,"price":9.079,"quantity":1.1,"timestamp":1772552639866},{"is_buyer_maker":true,"price":9.079,"quantity":0.7,"timestamp":1772552639866},{"is_buyer_maker":true,"price":9.079,"quantity":3.5,"timestamp":1772552639866},{"is_buyer_maker":true,"price":9.079,"quantity":1.1,"timestamp":1772552639866},{"is_buyer_maker":true,"price":9.079,"quantity":0.7,"timestamp":1772552639866},{"is_buyer_maker":true,"price":9.079,"quantity":3.5,"timestamp":1772552639866},{"is_buyer_maker":true,"price":9.079,"quantity":1.1,"timestamp":1772552639866},{"is_buyer_maker":true,"price":9.079,"quantity":0.7,"timestamp":1772552639866},{"is_buyer_maker":true,"price":9.079,"quantity":3.5,"timestamp":1772552639866},{"is_buyer_maker":true,"price":9.079,"quantity":1.1,"timestamp":1772552639866},{"is_buyer_maker":true,"price":9.079,"quantity":0.7,"timestamp":1772552639866},{"is_buyer_maker":true,"price":9.079,"quantity":3.5,"timestamp":1772552639866},{"is_buyer_maker":true,"price":9.079,"quantity":1.1,"timestamp":1772552639866},{"is_buyer_maker":true,"price":9.079,"quantity":0.7,"timestamp":1772552639866},{"is_buyer_maker":true,"price":9.079,"quantity":3.5,"timestamp":1772552639866},{"is_buyer_maker":true,"price":9.079,"quantity":1.1,"timestamp":1772552639866},{"is_buyer_maker":true,"price":9.079,"quantity":0.7,"timestamp":1772552639866},{"is_buyer_maker":true,"price":9.079,"quantity":3.5,"timestamp":1772552639866},{"is_buyer_maker":true,"price":9.079,"quantity":1.1,"timestamp":1772552639866},{"is_buyer_maker":true,"price":9.079,"quantity":0.7,"timestamp":1772552639866},{"is_buyer_maker":true,"price":9.079,"quantity":3.5,"timestamp":1772552639866},{"is_buyer_maker":true,"price":9.079,"quantity":1.1,"timestamp":1772552639866},{"is_buyer_maker":true,"price":9.079,"quantity":0.7,"timestamp":1772552639866},{"is_buyer_maker":true,"price":9.079,"quantity":3.5,"timestamp":1772552639866},{"is_buyer_maker":true,"price":9.079,"quantity":1.1,"timestamp":1772552639866},{"is_buyer_maker":true,"price":9.079,"quantity":0.7,"timestamp":1772552639866},{"is_buyer_maker":true,"price":9.079,"quantity":3.5,"timestamp":1772552639866},{"is_buyer_maker":true,"price":9.078,"quantity":1.1,"timestamp":1772552639870},{"is_buyer_maker":true,"price":9.078,"quantity":0.7,"timestamp":1772552639870},{"is_buyer_maker":true,"price":9.078,"quantity":0.6,"timestamp":1772552639870},{"is_buyer_maker":true,"price":9.078,"quantity":1.1,"timestamp":1772552639870},{"is_buyer_maker":true,"price":9.078,"quantity":0.7,"timestamp":1772552639870},{"is_buyer_maker":true,"price":9.078,"quantity":0.6,"timestamp":1772552639870},{"is_buyer_maker":true,"price":9.078,"quantity":1.1,"timestamp":1772552639870},{"is_buyer_maker":true,"price":9.078,"quantity":0.7,"timestamp":1772552639870},{"is_buyer_maker":true,"price":9.078,"quantity":0.6,"timestamp":1772552639870},{"is_buyer_maker":true,"price":9.078,"quantity":1.1,"timestamp":1772552639870},{"is_buyer_maker":true,"price":9.078,"quantity":0.7,"timestamp":1772552639870},{"is_buyer_maker":true,"price":9.078,"quantity":0.6,"timestamp":1772552639870},{"is_buyer_maker":true,"price":9.078,"quantity":1.1,"timestamp":1772552639870},{"is_buyer_maker":true,"price":9.078,"quantity":0.7,"timestamp":1772552639870},{"is_buyer_maker":true,"price":9.078,"quantity":0.6,"timestamp":1772552639870},{"is_buyer_maker":true,"price":9.078,"quantity":1.1,"timestamp":1772552639870},{"is_buyer_maker":true,"price":9.078,"quantity":0.7,"timestamp":1772552639870},{"is_buyer_maker":true,"price":9.078,"quantity":0.6,"timestamp":1772552639870},{"is_buyer_maker":true,"price":9.078,"quantity":1.1,"timestamp":1772552639870},{"is_buyer_maker":true,"price":9.078,"quantity":0.7,"timestamp":1772552639870},{"is_buyer_maker":true,"price":9.078,"quantity":0.6,"timestamp":1772552639870},{"is_buyer_maker":true,"price":9.078,"quantity":1.1,"timestamp":1772552639870},{"is_buyer_maker":true,"price":9.078,"quantity":0.7,"timestamp":1772552639870},{"is_buyer_maker":true,"price":9.078,"quantity":0.6,"timestamp":1772552639870},{"is_buyer_maker":true,"price":9.078,"quantity":1.1,"timestamp":1772552639870},{"is_buyer_maker":true,"price":9.078,"quantity":0.7,"timestamp":1772552639870},{"is_buyer_maker":true,"price":9.078,"quantity":0.6,"timestamp":1772552639870},{"is_buyer_maker":true,"price":9.078,"quantity":1.1,"timestamp":1772552639870},{"is_buyer_maker":true,"price":9.078,"quantity":0.7,"timestamp":1772552639870},{"is_buyer_maker":true,"price":9.078,"quantity":0.6,"timestamp":1772552639870},{"is_buyer_maker":true,"price":9.078,"quantity":1.1,"timestamp":1772552639870},{"is_buyer_maker":true,"price":9.078,"quantity":0.7,"timestamp":1772552639870},{"is_buyer_maker":true,"price":9.078,"quantity":0.6,"timestamp":1772552639870},{"is_buyer_maker":true,"price":9.078,"quantity":1.1,"timestamp":1772552639870},{"is_buyer_maker":true,"price":9.078,"quantity":0.7,"timestamp":1772552639870},{"is_buyer_maker":true,"price":9.078,"quantity":0.6,"timestamp":1772552639870},{"is_buyer_maker":true,"price":9.078,"quantity":1.1,"timestamp":1772552639870},{"is_buyer_maker":true,"price":9.078,"quantity":0.7,"timestamp":1772552639870},{"is_buyer_maker":true,"price":9.078,"quantity":0.6,"timestamp":1772552639870},{"is_buyer_maker":true,"price":9.078,"quantity":1.1,"timestamp":1772552639870},{"is_buyer_maker":true,"price":9.078,"quantity":0.7,"timestamp":1772552639870},{"is_buyer_maker":true,"price":9.078,"quantity":0.6,"timestamp":1772552639870},{"is_buyer_maker":true,"price":9.078,"quantity":1.1,"timestamp":1772552639870},{"is_buyer_maker":true,"price":9.078,"quantity":0.7,"timestamp":1772552639870},{"is_buyer_maker":true,"price":9.078,"quantity":0.6,"timestamp":1772552639870},{"is_buyer_maker":true,"price":9.078,"quantity":1.1,"timestamp":1772552639870},{"is_buyer_maker":true,"price":9.078,"quantity":0.7,"timestamp":1772552639870},{"is_buyer_maker":true,"price":9.078,"quantity":0.6,"timestamp":1772552639870},{"is_buyer_maker":true,"price":9.078,"quantity":1.1,"timestamp":1772552639870},{"is_buyer_maker":true,"price":9.078,"quantity":0.7,"timestamp":1772552639870},{"is_buyer_maker":true,"price":9.078,"quantity":0.6,"timestamp":1772552639870},{"is_buyer_maker":true,"price":9.078,"quantity":1.1,"timestamp":1772552639870},{"is_buyer_maker":true,"price":9.078,"quantity":0.7,"timestamp":1772552639870},{"is_buyer_maker":true,"price":9.078,"quantity":0.6,"timestamp":1772552639870},{"is_buyer_maker":true,"price":9.078,"quantity":1.1,"timestamp":1772552639870},{"is_buyer_maker":true,"price":9.078,"quantity":0.7,"timestamp":1772552639870},{"is_buyer_maker":true,"price":9.078,"quantity":0.6,"timestamp":1772552639870},{"is_buyer_maker":false,"price":9.078,"quantity":1.1,"timestamp":1772552640115},{"is_buyer_maker":true,"price":9.078,"quantity":1.1,"timestamp":1772552640975},{"is_buyer_maker":true,"price":9.078,"quantity":1.7,"timestamp":1772552640975},{"is_buyer_maker":true,"price":9.078,"quantity":1.0,"timestamp":1772552640975},{"is_buyer_maker":true,"price":9.078,"quantity":1.1,"timestamp":1772552640975},{"is_buyer_maker":true,"price":9.078,"quantity":1.7,"timestamp":1772552640975},{"is_buyer_maker":true,"price":9.078,"quantity":1.0,"timestamp":1772552640975},{"is_buyer_maker":true,"price":9.078,"quantity":1.1,"timestamp":1772552640975},{"is_buyer_maker":true,"price":9.078,"quantity":1.7,"timestamp":1772552640975},{"is_buyer_maker":true,"price":9.078,"quantity":1.0,"timestamp":1772552640975},{"is_buyer_maker":true,"price":9.078,"quantity":1.1,"timestamp":1772552640975},{"is_buyer_maker":true,"price":9.078,"quantity":1.7,"timestamp":1772552640975},{"is_buyer_maker":true,"price":9.078,"quantity":1.0,"timestamp":1772552640975},{"is_buyer_maker":true,"price":9.078,"quantity":1.1,"timestamp":1772552640975},{"is_buyer_maker":true,"price":9.078,"quantity":1.7,"timestamp":1772552640975},{"is_buyer_maker":true,"price":9.078,"quantity":1.0,"timestamp":1772552640975},{"is_buyer_maker":true,"price":9.078,"quantity":1.1,"timestamp":1772552640975},{"is_buyer_maker":true,"price":9.078,"quantity":1.7,"timestamp":1772552640975},{"is_buyer_maker":true,"price":9.078,"quantity":1.0,"timestamp":1772552640975},{"is_buyer_maker":true,"price":9.078,"quantity":1.1,"timestamp":1772552640975},{"is_buyer_maker":true,"price":9.078,"quantity":1.7,"timestamp":1772552640975},{"is_buyer_maker":true,"price":9.078,"quantity":1.0,"timestamp":1772552640975},{"is_buyer_maker":true,"price":9.078,"quantity":1.1,"timestamp":1772552640975},{"is_buyer_maker":true,"price":9.078,"quantity":1.7,"timestamp":1772552640975},{"is_buyer_maker":true,"price":9.078,"quantity":1.0,"timestamp":1772552640975},{"is_buyer_maker":true,"price":9.078,"quantity":1.1,"timestamp":1772552640975},{"is_buyer_maker":true,"price":9.078,"quantity":1.7,"timestamp":1772552640975},{"is_buyer_maker":true,"price":9.078,"quantity":1.0,"timestamp":1772552640975},{"is_buyer_maker":true,"price":9.078,"quantity":1.1,"timestamp":1772552640975},{"is_buyer_maker":true,"price":9.078,"quantity":1.7,"timestamp":1772552640975},{"is_buyer_maker":true,"price":9.078,"quantity":1.0,"timestamp":1772552640975},{"is_buyer_maker":true,"price":9.078,"quantity":1.1,"timestamp":1772552640975},{"is_buyer_maker":true,"price":9.078,"quantity":1.7,"timestamp":1772552640975},{"is_buyer_maker":true,"price":9.078,"quantity":1.0,"timestamp":1772552640975},{"is_buyer_maker":true,"price":9.078,"quantity":1.1,"timestamp":1772552640975},{"is_buyer_maker":true,"price":9.078,"quantity":1.7,"timestamp":1772552640975},{"is_buyer_maker":true,"price":9.078,"quantity":1.0,"timestamp":1772552640975},{"is_buyer_maker":true,"price":9.078,"quantity":1.1,"timestamp":1772552640975},{"is_buyer_maker":true,"price":9.078,"quantity":1.7,"timestamp":1772552640975},{"is_buyer_maker":true,"price":9.078,"quantity":1.0,"timestamp":1772552640975},{"is_buyer_maker":true,"price":9.078,"quantity":1.1,"timestamp":1772552640975},{"is_buyer_maker":true,"price":9.078,"quantity":1.7,"timestamp":1772552640975},{"is_buyer_maker":true,"price":9.078,"quantity":1.0,"timestamp":1772552640975},{"is_buyer_maker":true,"price":9.078,"quantity":1.1,"timestamp":1772552640975},{"is_buyer_maker":true,"price":9.078,"quantity":1.7,"timestamp":1772552640975},{"is_buyer_maker":true,"price":9.078,"quantity":1.0,"timestamp":1772552640975},{"is_buyer_maker":true,"price":9.078,"quantity":1.1,"timestamp":1772552640975},{"is_buyer_maker":true,"price":9.078,"quantity":1.7,"timestamp":1772552640975},{"is_buyer_maker":true,"price":9.078,"quantity":1.0,"timestamp":1772552640975},{"is_buyer_maker":true,"price":9.078,"quantity":1.1,"timestamp":1772552640975},{"is_buyer_maker":true,"price":9.078,"quantity":1.7,"timestamp":1772552640975},{"is_buyer_maker":true,"price":9.078,"quantity":1.0,"timestamp":1772552640975},{"is_buyer_maker":true,"price":9.078,"quantity":1.1,"timestamp":1772552640975},{"is_buyer_maker":true,"price":9.078,"quantity":1.7,"timestamp":1772552640975},{"is_buyer_maker":true,"price":9.078,"quantity":1.0,"timestamp":1772552640975},{"is_buyer_maker":true,"price":9.078,"quantity":1.1,"timestamp":1772552640975},{"is_buyer_maker":true,"price":9.078,"quantity":1.7,"timestamp":1772552640975},{"is_buyer_maker":true,"price":9.078,"quantity":1.0,"timestamp":1772552640975},{"is_buyer_maker":true,"price":9.077,"quantity":1.1,"timestamp":1772552641227},{"is_buyer_maker":true,"price":9.077,"quantity":0.1,"timestamp":1772552641227},{"is_buyer_maker":true,"price":9.077,"quantity":0.7,"timestamp":1772552641227},{"is_buyer_maker":true,"price":9.077,"quantity":1.1,"timestamp":1772552641227},{"is_buyer_maker":true,"price":9.077,"quantity":0.1,"timestamp":1772552641227},{"is_buyer_maker":true,"price":9.077,"quantity":0.7,"timestamp":1772552641227},{"is_buyer_maker":true,"price":9.077,"quantity":1.1,"timestamp":1772552641227},{"is_buyer_maker":true,"price":9.077,"quantity":0.1,"timestamp":1772552641227},{"is_buyer_maker":true,"price":9.077,"quantity":0.7,"timestamp":1772552641227},{"is_buyer_maker":true,"price":9.077,"quantity":1.1,"timestamp":1772552641227},{"is_buyer_maker":true,"price":9.077,"quantity":0.1,"timestamp":1772552641227},{"is_buyer_maker":true,"price":9.077,"quantity":0.7,"timestamp":1772552641227},{"is_buyer_maker":true,"price":9.077,"quantity":1.1,"timestamp":1772552641227},{"is_buyer_maker":true,"price":9.077,"quantity":0.1,"timestamp":1772552641227},{"is_buyer_maker":true,"price":9.077,"quantity":0.7,"timestamp":1772552641227},{"is_buyer_maker":true,"price":9.077,"quantity":1.1,"timestamp":1772552641227},{"is_buyer_maker":true,"price":9.077,"quantity":0.1,"timestamp":1772552641227},{"is_buyer_maker":true,"price":9.077,"quantity":0.7,"timestamp":1772552641227},{"is_buyer_maker":true,"price":9.077,"quantity":1.1,"timestamp":1772552641227},{"is_buyer_maker":true,"price":9.077,"quantity":0.1,"timestamp":1772552641227},{"is_buyer_maker":true,"price":9.077,"quantity":0.7,"timestamp":1772552641227},{"is_buyer_maker":true,"price":9.077,"quantity":1.1,"timestamp":1772552641227},{"is_buyer_maker":true,"price":9.077,"quantity":0.1,"timestamp":1772552641227},{"is_buyer_maker":true,"price":9.077,"quantity":0.7,"timestamp":1772552641227},{"is_buyer_maker":true,"price":9.077,"quantity":1.1,"timestamp":1772552641227},{"is_buyer_maker":true,"price":9.077,"quantity":0.1,"timestamp":1772552641227},{"is_buyer_maker":true,"price":9.077,"quantity":0.7,"timestamp":1772552641227},{"is_buyer_maker":true,"price":9.077,"quantity":1.1,"timestamp":1772552641227},{"is_buyer_maker":true,"price":9.077,"quantity":0.1,"timestamp":1772552641227},{"is_buyer_maker":true,"price":9.077,"quantity":0.7,"timestamp":1772552641227},{"is_buyer_maker":true,"price":9.077,"quantity":1.1,"timestamp":1772552641227},{"is_buyer_maker":true,"price":9.077,"quantity":0.1,"timestamp":1772552641227},{"is_buyer_maker":true,"price":9.077,"quantity":0.7,"timestamp":1772552641227},{"is_buyer_maker":true,"price":9.077,"quantity":1.1,"timestamp":1772552641227},{"is_buyer_maker":true,"price":9.077,"quantity":0.1,"timestamp":1772552641227},{"is_buyer_maker":true,"price":9.077,"quantity":0.7,"timestamp":1772552641227},{"is_buyer_maker":true,"price":9.077,"quantity":1.1,"timestamp":1772552641227},{"is_buyer_maker":true,"price":9.077,"quantity":0.1,"timestamp":1772552641227},{"is_buyer_maker":true,"price":9.077,"quantity":0.7,"timestamp":1772552641227},{"is_buyer_maker":true,"price":9.077,"quantity":1.1,"timestamp":1772552641227},{"is_buyer_maker":true,"price":9.077,"quantity":0.1,"timestamp":1772552641227},{"is_buyer_maker":true,"price":9.077,"quantity":0.7,"timestamp":1772552641227},{"is_buyer_maker":true,"price":9.077,"quantity":1.1,"timestamp":1772552641227},{"is_buyer_maker":true,"price":9.077,"quantity":0.1,"timestamp":1772552641227},{"is_buyer_maker":true,"price":9.077,"quantity":0.7,"timestamp":1772552641227},{"is_buyer_maker":true,"price":9.077,"quantity":1.1,"timestamp":1772552641227},{"is_buyer_maker":true,"price":9.077,"quantity":0.1,"timestamp":1772552641227},{"is_buyer_maker":true,"price":9.077,"quantity":0.7,"timestamp":1772552641227},{"is_buyer_maker":true,"price":9.077,"quantity":1.1,"timestamp":1772552641227},{"is_buyer_maker":true,"price":9.077,"quantity":0.1,"timestamp":1772552641227},{"is_buyer_maker":true,"price":9.077,"quantity":0.7,"timestamp":1772552641227},{"is_buyer_maker":true,"price":9.077,"quantity":1.1,"timestamp":1772552641227},{"is_buyer_maker":true,"price":9.077,"quantity":0.1,"timestamp":1772552641227},{"is_buyer_maker":true,"price":9.077,"quantity":0.7,"timestamp":1772552641227},{"is_buyer_maker":true,"price":9.077,"quantity":1.1,"timestamp":1772552641227},{"is_buyer_maker":true,"price":9.077,"quantity":0.1,"timestamp":1772552641227},{"is_buyer_maker":true,"price":9.077,"quantity":0.7,"timestamp":1772552641227},{"is_buyer_maker":false,"price":9.077,"quantity":0.5,"timestamp":1772552641507},{"is_buyer_maker":true,"price":9.076,"quantity":1.1,"timestamp":1772552642949},{"is_buyer_maker":true,"price":9.076,"quantity":0.4,"timestamp":1772552642949},{"is_buyer_maker":true,"price":9.076,"quantity":0.7,"timestamp":1772552642949},{"is_buyer_maker":true,"price":9.076,"quantity":1.5,"timestamp":1772552642949},{"is_buyer_maker":true,"price":9.076,"quantity":5.0,"timestamp":1772552642949},{"is_buyer_maker":true,"price":9.076,"quantity":1.1,"timestamp":1772552642949},{"is_buyer_maker":true,"price":9.076,"quantity":0.4,"timestamp":1772552642949},{"is_buyer_maker":true,"price":9.076,"quantity":0.7,"timestamp":1772552642949},{"is_buyer_maker":true,"price":9.076,"quantity":1.5,"timestamp":1772552642949},{"is_buyer_maker":true,"price":9.076,"quantity":5.0,"timestamp":1772552642949},{"is_buyer_maker":true,"price":9.076,"quantity":1.1,"timestamp":1772552642949},{"is_buyer_maker":true,"price":9.076,"quantity":0.4,"timestamp":1772552642949},{"is_buyer_maker":true,"price":9.076,"quantity":0.7,"timestamp":1772552642949},{"is_buyer_maker":true,"price":9.076,"quantity":1.5,"timestamp":1772552642949},{"is_buyer_maker":true,"price":9.076,"quantity":5.0,"timestamp":1772552642949},{"is_buyer_maker":true,"price":9.076,"quantity":1.1,"timestamp":1772552642949},{"is_buyer_maker":true,"price":9.076,"quantity":0.4,"timestamp":1772552642949},{"is_buyer_maker":true,"price":9.076,"quantity":0.7,"timestamp":1772552642949},{"is_buyer_maker":true,"price":9.076,"quantity":1.5,"timestamp":1772552642949},{"is_buyer_maker":true,"price":9.076,"quantity":5.0,"timestamp":1772552642949},{"is_buyer_maker":true,"price":9.076,"quantity":1.1,"timestamp":1772552642949},{"is_buyer_maker":true,"price":9.076,"quantity":0.4,"timestamp":1772552642949},{"is_buyer_maker":true,"price":9.076,"quantity":0.7,"timestamp":1772552642949},{"is_buyer_maker":true,"price":9.076,"quantity":1.5,"timestamp":1772552642949},{"is_buyer_maker":true,"price":9.076,"quantity":5.0,"timestamp":1772552642949},{"is_buyer_maker":true,"price":9.076,"quantity":1.1,"timestamp":1772552642949},{"is_buyer_maker":true,"price":9.076,"quantity":0.4,"timestamp":1772552642949},{"is_buyer_maker":true,"price":9.076,"quantity":0.7,"timestamp":1772552642949},{"is_buyer_maker":true,"price":9.076,"quantity":1.5,"timestamp":1772552642949},{"is_buyer_maker":true,"price":9.076,"quantity":5.0,"timestamp":1772552642949},{"is_buyer_maker":true,"price":9.076,"quantity":1.1,"timestamp":1772552642949},{"is_buyer_maker":true,"price":9.076,"quantity":0.4,"timestamp":1772552642949},{"is_buyer_maker":true,"price":9.076,"quantity":0.7,"timestamp":1772552642949},{"is_buyer_maker":true,"price":9.076,"quantity":1.5,"timestamp":1772552642949},{"is_buyer_maker":true,"price":9.076,"quantity":5.0,"timestamp":1772552642949},{"is_buyer_maker":true,"price":9.076,"quantity":1.1,"timestamp":1772552642949},{"is_buyer_maker":true,"price":9.076,"quantity":0.4,"timestamp":1772552642949},{"is_buyer_maker":true,"price":9.076,"quantity":0.7,"timestamp":1772552642949},{"is_buyer_maker":true,"price":9.076,"quantity":1.5,"timestamp":1772552642949},{"is_buyer_maker":true,"price":9.076,"quantity":5.0,"timestamp":1772552642949},{"is_buyer_maker":true,"price":9.076,"quantity":1.1,"timestamp":1772552642949},{"is_buyer_maker":true,"price":9.076,"quantity":0.4,"timestamp":1772552642949},{"is_buyer_maker":true,"price":9.076,"quantity":0.7,"timestamp":1772552642949},{"is_buyer_maker":true,"price":9.076,"quantity":1.5,"timestamp":1772552642949},{"is_buyer_maker":true,"price":9.076,"quantity":5.0,"timestamp":1772552642949},{"is_buyer_maker":true,"price":9.076,"quantity":1.1,"timestamp":1772552642949},{"is_buyer_maker":true,"price":9.076,"quantity":0.4,"timestamp":1772552642949},{"is_buyer_maker":true,"price":9.076,"quantity":0.7,"timestamp":1772552642949},{"is_buyer_maker":true,"price":9.076,"quantity":1.5,"timestamp":1772552642949},{"is_buyer_maker":true,"price":9.076,"quantity":5.0,"timestamp":1772552642949},{"is_buyer_maker":true,"price":9.076,"quantity":1.1,"timestamp":1772552642949},{"is_buyer_maker":true,"price":9.076,"quantity":0.4,"timestamp":1772552642949},{"is_buyer_maker":true,"price":9.076,"quantity":0.7,"timestamp":1772552642949},{"is_buyer_maker":true,"price":9.076,"quantity":1.5,"timestamp":1772552642949},{"is_buyer_maker":true,"price":9.076,"quantity":5.0,"timestamp":1772552642949},{"is_buyer_maker":true,"price":9.076,"quantity":1.1,"timestamp":1772552642949},{"is_buyer_maker":true,"price":9.076,"quantity":0.4,"timestamp":1772552642949},{"is_buyer_maker":true,"price":9.076,"quantity":0.7,"timestamp":1772552642949},{"is_buyer_maker":true,"price":9.076,"quantity":1.5,"timestamp":1772552642949},{"is_buyer_maker":true,"price":9.076,"quantity":5.0,"timestamp":1772552642949},{"is_buyer_maker":true,"price":9.076,"quantity":1.1,"timestamp":1772552642949},{"is_buyer_maker":true,"price":9.076,"quantity":0.4,"timestamp":1772552642949},{"is_buyer_maker":true,"price":9.076,"quantity":0.7,"timestamp":1772552642949},{"is_buyer_maker":true,"price":9.076,"quantity":1.5,"timestamp":1772552642949},{"is_buyer_maker":true,"price":9.076,"quantity":5.0,"timestamp":1772552642949},{"is_buyer_maker":true,"price":9.076,"quantity":1.1,"timestamp":1772552642949},{"is_buyer_maker":true,"price":9.076,"quantity":0.4,"timestamp":1772552642949},{"is_buyer_maker":true,"price":9.076,"quantity":0.7,"timestamp":1772552642949},{"is_buyer_maker":true,"price":9.076,"quantity":1.5,"timestamp":1772552642949},{"is_buyer_maker":true,"price":9.076,"quantity":5.0,"timestamp":1772552642949},{"is_buyer_maker":true,"price":9.076,"quantity":1.1,"timestamp":1772552642949},{"is_buyer_maker":true,"price":9.076,"quantity":0.4,"timestamp":1772552642949},{"is_buyer_maker":true,"price":9.076,"quantity":0.7,"timestamp":1772552642949},{"is_buyer_maker":true,"price":9.076,"quantity":1.5,"timestamp":1772552642949},{"is_buyer_maker":true,"price":9.076,"quantity":5.0,"timestamp":1772552642949},{"is_buyer_maker":true,"price":9.076,"quantity":1.1,"timestamp":1772552642949},{"is_buyer_maker":true,"price":9.076,"quantity":0.4,"timestamp":1772552642949},{"is_buyer_maker":true,"price":9.076,"quantity":0.7,"timestamp":1772552642949},{"is_buyer_maker":true,"price":9.076,"quantity":1.5,"timestamp":1772552642949},{"is_buyer_maker":true,"price":9.076,"quantity":5.0,"timestamp":1772552642949},{"is_buyer_maker":true,"price":9.076,"quantity":1.1,"timestamp":1772552642949},{"is_buyer_maker":true,"price":9.076,"quantity":0.4,"timestamp":1772552642949},{"is_buyer_maker":true,"price":9.076,"quantity":0.7,"timestamp":1772552642949},{"is_buyer_maker":true,"price":9.076,"quantity":1.5,"timestamp":1772552642949},{"is_buyer_maker":true,"price":9.076,"quantity":5.0,"timestamp":1772552642949},{"is_buyer_maker":true,"price":9.076,"quantity":1.1,"timestamp":1772552642949},{"is_buyer_maker":true,"price":9.076,"quantity":0.4,"timestamp":1772552642949},{"is_buyer_maker":true,"price":9.076,"quantity":0.7,"timestamp":1772552642949},{"is_buyer_maker":true,"price":9.076,"quantity":1.5,"timestamp":1772552642949},{"is_buyer_maker":true,"price":9.076,"quantity":5.0,"timestamp":1772552642949},{"is_buyer_maker":true,"price":9.076,"quantity":1.1,"timestamp":1772552642949},{"is_buyer_maker":true,"price":9.076,"quantity":0.4,"timestamp":1772552642949},{"is_buyer_maker":true,"price":9.076,"quantity":0.7,"timestamp":1772552642949},{"is_buyer_maker":true,"price":9.076,"quantity":1.5,"timestamp":1772552642949},{"is_buyer_maker":true,"price":9.076,"quantity":5.0,"timestamp":1772552642949},{"is_buyer_maker":true,"price":9.075,"quantity":1.1,"timestamp":1772552643006},{"is_buyer_maker":true,"price":9.075,"quantity":0.4,"timestamp":1772552643006},{"is_buyer_maker":true,"price":9.075,"quantity":0.1,"timestamp":1772552643006},{"is_buyer_maker":true,"price":9.075,"quantity":0.7,"timestamp":1772552643006},{"is_buyer_maker":true,"price":9.075,"quantity":27.7,"timestamp":1772552643006},{"is_buyer_maker":true,"price":9.075,"quantity":1.1,"timestamp":1772552643006},{"is_buyer_maker":true,"price":9.075,"quantity":0.4,"timestamp":1772552643006},{"is_buyer_maker":true,"price":9.075,"quantity":0.1,"timestamp":1772552643006},{"is_buyer_maker":true,"price":9.075,"quantity":0.7,"timestamp":1772552643006},{"is_buyer_maker":true,"price":9.075,"quantity":27.7,"timestamp":1772552643006},{"is_buyer_maker":true,"price":9.075,"quantity":1.1,"timestamp":1772552643006},{"is_buyer_maker":true,"price":9.075,"quantity":0.4,"timestamp":1772552643006},{"is_buyer_maker":true,"price":9.075,"quantity":0.1,"timestamp":1772552643006},{"is_buyer_maker":true,"price":9.075,"quantity":0.7,"timestamp":1772552643006},{"is_buyer_maker":true,"price":9.075,"quantity":27.7,"timestamp":1772552643006},{"is_buyer_maker":true,"price":9.075,"quantity":1.1,"timestamp":1772552643006},{"is_buyer_maker":true,"price":9.075,"quantity":0.4,"timestamp":1772552643006},{"is_buyer_maker":true,"price":9.075,"quantity":0.1,"timestamp":1772552643006},{"is_buyer_maker":true,"price":9.075,"quantity":0.7,"timestamp":1772552643006},{"is_buyer_maker":true,"price":9.075,"quantity":27.7,"timestamp":1772552643006},{"is_buyer_maker":true,"price":9.075,"quantity":1.1,"timestamp":1772552643006},{"is_buyer_maker":true,"price":9.075,"quantity":0.4,"timestamp":1772552643006},{"is_buyer_maker":true,"price":9.075,"quantity":0.1,"timestamp":1772552643006},{"is_buyer_maker":true,"price":9.075,"quantity":0.7,"timestamp":1772552643006},{"is_buyer_maker":true,"price":9.075,"quantity":27.7,"timestamp":1772552643006},{"is_buyer_maker":true,"price":9.075,"quantity":1.1,"timestamp":1772552643006},{"is_buyer_maker":true,"price":9.075,"quantity":0.4,"timestamp":1772552643006},{"is_buyer_maker":true,"price":9.075,"quantity":0.1,"timestamp":1772552643006},{"is_buyer_maker":true,"price":9.075,"quantity":0.7,"timestamp":1772552643006},{"is_buyer_maker":true,"price":9.075,"quantity":27.7,"timestamp":1772552643006},{"is_buyer_maker":true,"price":9.075,"quantity":1.1,"timestamp":1772552643006},{"is_buyer_maker":true,"price":9.075,"quantity":0.4,"timestamp":1772552643006},{"is_buyer_maker":true,"price":9.075,"quantity":0.1,"timestamp":1772552643006},{"is_buyer_maker":true,"price":9.075,"quantity":0.7,"timestamp":1772552643006},{"is_buyer_maker":true,"price":9.075,"quantity":27.7,"timestamp":1772552643006},{"is_buyer_maker":true,"price":9.075,"quantity":1.1,"timestamp":1772552643006},{"is_buyer_maker":true,"price":9.075,"quantity":0.4,"timestamp":1772552643006},{"is_buyer_maker":true,"price":9.075,"quantity":0.1,"timestamp":1772552643006},{"is_buyer_maker":true,"price":9.075,"quantity":0.7,"timestamp":1772552643006},{"is_buyer_maker":true,"price":9.075,"quantity":27.7,"timestamp":1772552643006},{"is_buyer_maker":true,"price":9.075,"quantity":1.1,"timestamp":1772552643006},{"is_buyer_maker":true,"price":9.075,"quantity":0.4,"timestamp":1772552643006},{"is_buyer_maker":true,"price":9.075,"quantity":0.1,"timestamp":1772552643006},{"is_buyer_maker":true,"price":9.075,"quantity":0.7,"timestamp":1772552643006},{"is_buyer_maker":true,"price":9.075,"quantity":27.7,"timestamp":1772552643006},{"is_buyer_maker":true,"price":9.075,"quantity":1.1,"timestamp":1772552643006},{"is_buyer_maker":true,"price":9.075,"quantity":0.4,"timestamp":1772552643006},{"is_buyer_maker":true,"price":9.075,"quantity":0.1,"timestamp":1772552643006},{"is_buyer_maker":true,"price":9.075,"quantity":0.7,"timestamp":1772552643006},{"is_buyer_maker":true,"price":9.075,"quantity":27.7,"timestamp":1772552643006},{"is_buyer_maker":true,"price":9.075,"quantity":1.1,"timestamp":1772552643006},{"is_buyer_maker":true,"price":9.075,"quantity":0.4,"timestamp":1772552643006},{"is_buyer_maker":true,"price":9.075,"quantity":0.1,"timestamp":1772552643006},{"is_buyer_maker":true,"price":9.075,"quantity":0.7,"timestamp":1772552643006},{"is_buyer_maker":true,"price":9.075,"quantity":27.7,"timestamp":1772552643006},{"is_buyer_maker":true,"price":9.075,"quantity":1.1,"timestamp":1772552643006},{"is_buyer_maker":true,"price":9.075,"quantity":0.4,"timestamp":1772552643006},{"is_buyer_maker":true,"price":9.075,"quantity":0.1,"timestamp":1772552643006},{"is_buyer_maker":true,"price":9.075,"quantity":0.7,"timestamp":1772552643006},{"is_buyer_maker":true,"price":9.075,"quantity":27.7,"timestamp":1772552643006},{"is_buyer_maker":true,"price":9.075,"quantity":1.1,"timestamp":1772552643006},{"is_buyer_maker":true,"price":9.075,"quantity":0.4,"timestamp":1772552643006},{"is_buyer_maker":true,"price":9.075,"quantity":0.1,"timestamp":1772552643006},{"is_buyer_maker":true,"price":9.075,"quantity":0.7,"timestamp":1772552643006},{"is_buyer_maker":true,"price":9.075,"quantity":27.7,"timestamp":1772552643006},{"is_buyer_maker":true,"price":9.075,"quantity":1.1,"timestamp":1772552643006},{"is_buyer_maker":true,"price":9.075,"quantity":0.4,"timestamp":1772552643006},{"is_buyer_maker":true,"price":9.075,"quantity":0.1,"timestamp":1772552643006},{"is_buyer_maker":true,"price":9.075,"quantity":0.7,"timestamp":1772552643006},{"is_buyer_maker":true,"price":9.075,"quantity":27.7,"timestamp":1772552643006},{"is_buyer_maker":true,"price":9.075,"quantity":1.1,"timestamp":1772552643006},{"is_buyer_maker":true,"price":9.075,"quantity":0.4,"timestamp":1772552643006},{"is_buyer_maker":true,"price":9.075,"quantity":0.1,"timestamp":1772552643006},{"is_buyer_maker":true,"price":9.075,"quantity":0.7,"timestamp":1772552643006},{"is_buyer_maker":true,"price":9.075,"quantity":27.7,"timestamp":1772552643006},{"is_buyer_maker":true,"price":9.075,"quantity":1.1,"timestamp":1772552643006},{"is_buyer_maker":true,"price":9.075,"quantity":0.4,"timestamp":1772552643006},{"is_buyer_maker":true,"price":9.075,"quantity":0.1,"timestamp":1772552643006},{"is_buyer_maker":true,"price":9.075,"quantity":0.7,"timestamp":1772552643006},{"is_buyer_maker":true,"price":9.075,"quantity":27.7,"timestamp":1772552643006},{"is_buyer_maker":true,"price":9.075,"quantity":1.1,"timestamp":1772552643006},{"is_buyer_maker":true,"price":9.075,"quantity":0.4,"timestamp":1772552643006},{"is_buyer_maker":true,"price":9.075,"quantity":0.1,"timestamp":1772552643006},{"is_buyer_maker":true,"price":9.075,"quantity":0.7,"timestamp":1772552643006},{"is_buyer_maker":true,"price":9.075,"quantity":27.7,"timestamp":1772552643006},{"is_buyer_maker":true,"price":9.075,"quantity":1.1,"timestamp":1772552643006},{"is_buyer_maker":true,"price":9.075,"quantity":0.4,"timestamp":1772552643006},{"is_buyer_maker":true,"price":9.075,"quantity":0.1,"timestamp":1772552643006},{"is_buyer_maker":true,"price":9.075,"quantity":0.7,"timestamp":1772552643006},{"is_buyer_maker":true,"price":9.075,"quantity":27.7,"timestamp":1772552643006},{"is_buyer_maker":true,"price":9.075,"quantity":1.1,"timestamp":1772552643006},{"is_buyer_maker":true,"price":9.075,"quantity":0.4,"timestamp":1772552643006},{"is_buyer_maker":true,"price":9.075,"quantity":0.1,"timestamp":1772552643006},{"is_buyer_maker":true,"price":9.075,"quantity":0.7,"timestamp":1772552643006},{"is_buyer_maker":true,"price":9.075,"quantity":27.7,"timestamp":1772552643006},{"is_buyer_maker":false,"price":9.075,"quantity":1.1,"timestamp":1772552643769},{"is_buyer_maker":false,"price":9.075,"quantity":10.0,"timestamp":1772552643769},{"is_buyer_maker":false,"price":9.075,"quantity":1.1,"timestamp":1772552643769},{"is_buyer_maker":false,"price":9.075,"quantity":10.0,"timestamp":1772552643769},{"is_buyer_maker":false,"price":9.075,"quantity":1.1,"timestamp":1772552643769},{"is_buyer_maker":false,"price":9.075,"quantity":10.0,"timestamp":1772552643769},{"is_buyer_maker":false,"price":9.075,"quantity":1.1,"timestamp":1772552643769},{"is_buyer_maker":false,"price":9.075,"quantity":10.0,"timestamp":1772552643769},{"is_buyer_maker":false,"price":9.075,"quantity":1.1,"timestamp":1772552643769},{"is_buyer_maker":false,"price":9.075,"quantity":10.0,"timestamp":1772552643769},{"is_buyer_maker":false,"price":9.075,"quantity":1.1,"timestamp":1772552643769},{"is_buyer_maker":false,"price":9.075,"quantity":10.0,"timestamp":1772552643769},{"is_buyer_maker":false,"price":9.075,"quantity":1.1,"timestamp":1772552643769},{"is_buyer_maker":false,"price":9.075,"quantity":10.0,"timestamp":1772552643769},{"is_buyer_maker":false,"price":9.075,"quantity":1.1,"timestamp":1772552643769},{"is_buyer_maker":false,"price":9.075,"quantity":10.0,"timestamp":1772552643769},{"is_buyer_maker":false,"price":9.075,"quantity":1.1,"timestamp":1772552643769},{"is_buyer_maker":false,"price":9.075,"quantity":10.0,"timestamp":1772552643769},{"is_buyer_maker":false,"price":9.075,"quantity":1.1,"timestamp":1772552643769},{"is_buyer_maker":false,"price":9.075,"quantity":10.0,"timestamp":1772552643769},{"is_buyer_maker":false,"price":9.075,"quantity":1.1,"timestamp":1772552643769},{"is_buyer_maker":false,"price":9.075,"quantity":10.0,"timestamp":1772552643769},{"is_buyer_maker":false,"price":9.075,"quantity":1.1,"timestamp":1772552643769},{"is_buyer_maker":false,"price":9.075,"quantity":10.0,"timestamp":1772552643769},{"is_buyer_maker":false,"price":9.075,"quantity":1.1,"timestamp":1772552643769},{"is_buyer_maker":false,"price":9.075,"quantity":10.0,"timestamp":1772552643769},{"is_buyer_maker":false,"price":9.075,"quantity":1.1,"timestamp":1772552643769},{"is_buyer_maker":false,"price":9.075,"quantity":10.0,"timestamp":1772552643769},{"is_buyer_maker":false,"price":9.075,"quantity":1.1,"timestamp":1772552643769},{"is_buyer_maker":false,"price":9.075,"quantity":10.0,"timestamp":1772552643769},{"is_buyer_maker":false,"price":9.075,"quantity":1.1,"timestamp":1772552643769},{"is_buyer_maker":false,"price":9.075,"quantity":10.0,"timestamp":1772552643769},{"is_buyer_maker":false,"price":9.075,"quantity":1.1,"timestamp":1772552643769},{"is_buyer_maker":false,"price":9.075,"quantity":10.0,"timestamp":1772552643769},{"is_buyer_maker":false,"price":9.075,"quantity":1.1,"timestamp":1772552643769},{"is_buyer_maker":false,"price":9.075,"quantity":10.0,"timestamp":1772552643769},{"is_buyer_maker":false,"price":9.075,"quantity":1.1,"timestamp":1772552643769},{"is_buyer_maker":false,"price":9.075,"quantity":10.0,"timestamp":1772552643769},{"is_buyer_maker":false,"price":9.076,"quantity":1.1,"timestamp":1772552644146},{"is_buyer_maker":false,"price":9.077,"quantity":0.6,"timestamp":1772552644978},{"is_buyer_maker":false,"price":9.077,"quantity":1.3,"timestamp":1772552644978},{"is_buyer_maker":false,"price":9.077,"quantity":0.6,"timestamp":1772552644978},{"is_buyer_maker":false,"price":9.077,"quantity":1.3,"timestamp":1772552644978},{"is_buyer_maker":false,"price":9.077,"quantity":0.6,"timestamp":1772552644978},{"is_buyer_maker":false,"price":9.077,"quantity":1.3,"timestamp":1772552644978},{"is_buyer_maker":false,"price":9.077,"quantity":0.6,"timestamp":1772552644978},{"is_buyer_maker":false,"price":9.077,"quantity":1.3,"timestamp":1772552644978},{"is_buyer_maker":false,"price":9.077,"quantity":0.6,"timestamp":1772552644978},{"is_buyer_maker":false,"price":9.077,"quantity":1.3,"timestamp":1772552644978},{"is_buyer_maker":false,"price":9.077,"quantity":0.6,"timestamp":1772552644978},{"is_buyer_maker":false,"price":9.077,"quantity":1.3,"timestamp":1772552644978},{"is_buyer_maker":false,"price":9.077,"quantity":0.6,"timestamp":1772552644978},{"is_buyer_maker":false,"price":9.077,"quantity":1.3,"timestamp":1772552644978},{"is_buyer_maker":false,"price":9.077,"quantity":0.6,"timestamp":1772552644978},{"is_buyer_maker":false,"price":9.077,"quantity":1.3,"timestamp":1772552644978},{"is_buyer_maker":false,"price":9.077,"quantity":0.6,"timestamp":1772552644978},{"is_buyer_maker":false,"price":9.077,"quantity":1.3,"timestamp":1772552644978},{"is_buyer_maker":false,"price":9.077,"quantity":0.6,"timestamp":1772552644978},{"is_buyer_maker":false,"price":9.077,"quantity":1.3,"timestamp":1772552644978},{"is_buyer_maker":false,"price":9.077,"quantity":0.6,"timestamp":1772552644978},{"is_buyer_maker":false,"price":9.077,"quantity":1.3,"timestamp":1772552644978},{"is_buyer_maker":false,"price":9.077,"quantity":0.6,"timestamp":1772552644978},{"is_buyer_maker":false,"price":9.077,"quantity":1.3,"timestamp":1772552644978},{"is_buyer_maker":false,"price":9.077,"quantity":0.6,"timestamp":1772552644978},{"is_buyer_maker":false,"price":9.077,"quantity":1.3,"timestamp":1772552644978},{"is_buyer_maker":false,"price":9.077,"quantity":0.6,"timestamp":1772552644978},{"is_buyer_maker":false,"price":9.077,"quantity":1.3,"timestamp":1772552644978},{"is_buyer_maker":false,"price":9.077,"quantity":0.6,"timestamp":1772552644978},{"is_buyer_maker":false,"price":9.077,"quantity":1.3,"timestamp":1772552644978},{"is_buyer_maker":false,"price":9.077,"quantity":0.6,"timestamp":1772552644978},{"is_buyer_maker":false,"price":9.077,"quantity":1.3,"timestamp":1772552644978},{"is_buyer_maker":false,"price":9.077,"quantity":0.6,"timestamp":1772552644978},{"is_buyer_maker":false,"price":9.077,"quantity":1.3,"timestamp":1772552644978},{"is_buyer_maker":false,"price":9.077,"quantity":0.6,"timestamp":1772552644978},{"is_buyer_maker":false,"price":9.077,"quantity":1.3,"timestamp":1772552644978},{"is_buyer_maker":false,"price":9.077,"quantity":0.6,"timestamp":1772552644978},{"is_buyer_maker":false,"price":9.077,"quantity":1.3,"timestamp":1772552644978},{"is_buyer_maker":false,"price":9.077,"quantity":5.3,"timestamp":1772552645523},{"is_buyer_maker":false,"price":9.077,"quantity":202.5,"timestamp":1772552645523},{"is_buyer_maker":false,"price":9.077,"quantity":6.3,"timestamp":1772552645523},{"is_buyer_maker":false,"price":9.077,"quantity":1.1,"timestamp":1772552645523},{"is_buyer_maker":false,"price":9.077,"quantity":5.3,"timestamp":1772552645523},{"is_buyer_maker":false,"price":9.077,"quantity":202.5,"timestamp":1772552645523},{"is_buyer_maker":false,"price":9.077,"quantity":6.3,"timestamp":1772552645523},{"is_buyer_maker":false,"price":9.077,"quantity":1.1,"timestamp":1772552645523},{"is_buyer_maker":false,"price":9.077,"quantity":5.3,"timestamp":1772552645523},{"is_buyer_maker":false,"price":9.077,"quantity":202.5,"timestamp":1772552645523},{"is_buyer_maker":false,"price":9.077,"quantity":6.3,"timestamp":1772552645523},{"is_buyer_maker":false,"price":9.077,"quantity":1.1,"timestamp":1772552645523},{"is_buyer_maker":false,"price":9.077,"quantity":5.3,"timestamp":1772552645523},{"is_buyer_maker":false,"price":9.077,"quantity":202.5,"timestamp":1772552645523},{"is_buyer_maker":false,"price":9.077,"quantity":6.3,"timestamp":1772552645523},{"is_buyer_maker":false,"price":9.077,"quantity":1.1,"timestamp":1772552645523},{"is_buyer_maker":false,"price":9.077,"quantity":5.3,"timestamp":1772552645523},{"is_buyer_maker":false,"price":9.077,"quantity":202.5,"timestamp":1772552645523},{"is_buyer_maker":false,"price":9.077,"quantity":6.3,"timestamp":1772552645523},{"is_buyer_maker":false,"price":9.077,"quantity":1.1,"timestamp":1772552645523},{"is_buyer_maker":false,"price":9.077,"quantity":5.3,"timestamp":1772552645523},{"is_buyer_maker":false,"price":9.077,"quantity":202.5,"timestamp":1772552645523},{"is_buyer_maker":false,"price":9.077,"quantity":6.3,"timestamp":1772552645523},{"is_buyer_maker":false,"price":9.077,"quantity":1.1,"timestamp":1772552645523},{"is_buyer_maker":false,"price":9.077,"quantity":5.3,"timestamp":1772552645523},{"is_buyer_maker":false,"price":9.077,"quantity":202.5,"timestamp":1772552645523},{"is_buyer_maker":false,"price":9.077,"quantity":6.3,"timestamp":1772552645523},{"is_buyer_maker":false,"price":9.077,"quantity":1.1,"timestamp":1772552645523},{"is_buyer_maker":false,"price":9.077,"quantity":5.3,"timestamp":1772552645523},{"is_buyer_maker":false,"price":9.077,"quantity":202.5,"timestamp":1772552645523},{"is_buyer_maker":false,"price":9.077,"quantity":6.3,"timestamp":1772552645523},{"is_buyer_maker":false,"price":9.077,"quantity":1.1,"timestamp":1772552645523},{"is_buyer_maker":false,"price":9.077,"quantity":5.3,"timestamp":1772552645523},{"is_buyer_maker":false,"price":9.077,"quantity":202.5,"timestamp":1772552645523},{"is_buyer_maker":false,"price":9.077,"quantity":6.3,"timestamp":1772552645523},{"is_buyer_maker":false,"price":9.077,"quantity":1.1,"timestamp":1772552645523},{"is_buyer_maker":false,"price":9.077,"quantity":5.3,"timestamp":1772552645523},{"is_buyer_maker":false,"price":9.077,"quantity":202.5,"timestamp":1772552645523},{"is_buyer_maker":false,"price":9.077,"quantity":6.3,"timestamp":1772552645523},{"is_buyer_maker":false,"price":9.077,"quantity":1.1,"timestamp":1772552645523},{"is_buyer_maker":false,"price":9.077,"quantity":5.3,"timestamp":1772552645523},{"is_buyer_maker":false,"price":9.077,"quantity":202.5,"timestamp":1772552645523},{"is_buyer_maker":false,"price":9.077,"quantity":6.3,"timestamp":1772552645523},{"is_buyer_maker":false,"price":9.077,"quantity":1.1,"timestamp":1772552645523},{"is_buyer_maker":false,"price":9.077,"quantity":5.3,"timestamp":1772552645523},{"is_buyer_maker":false,"price":9.077,"quantity":202.5,"timestamp":1772552645523},{"is_buyer_maker":false,"price":9.077,"quantity":6.3,"timestamp":1772552645523},{"is_buyer_maker":false,"price":9.077,"quantity":1.1,"timestamp":1772552645523},{"is_buyer_maker":false,"price":9.077,"quantity":5.3,"timestamp":1772552645523},{"is_buyer_maker":false,"price":9.077,"quantity":202.5,"timestamp":1772552645523},{"is_buyer_maker":false,"price":9.077,"quantity":6.3,"timestamp":1772552645523},{"is_buyer_maker":false,"price":9.077,"quantity":1.1,"timestamp":1772552645523},{"is_buyer_maker":false,"price":9.077,"quantity":5.3,"timestamp":1772552645523},{"is_buyer_maker":false,"price":9.077,"quantity":202.5,"timestamp":1772552645523},{"is_buyer_maker":false,"price":9.077,"quantity":6.3,"timestamp":1772552645523},{"is_buyer_maker":false,"price":9.077,"quantity":1.1,"timestamp":1772552645523},{"is_buyer_maker":false,"price":9.077,"quantity":5.3,"timestamp":1772552645523},{"is_buyer_maker":false,"price":9.077,"quantity":202.5,"timestamp":1772552645523},{"is_buyer_maker":false,"price":9.077,"quantity":6.3,"timestamp":1772552645523},{"is_buyer_maker":false,"price":9.077,"quantity":1.1,"timestamp":1772552645523},{"is_buyer_maker":false,"price":9.077,"quantity":5.3,"timestamp":1772552645523},{"is_buyer_maker":false,"price":9.077,"quantity":202.5,"timestamp":1772552645523},{"is_buyer_maker":false,"price":9.077,"quantity":6.3,"timestamp":1772552645523},{"is_buyer_maker":false,"price":9.077,"quantity":1.1,"timestamp":1772552645523},{"is_buyer_maker":false,"price":9.077,"quantity":5.3,"timestamp":1772552645523},{"is_buyer_maker":false,"price":9.077,"quantity":202.5,"timestamp":1772552645523},{"is_buyer_maker":false,"price":9.077,"quantity":6.3,"timestamp":1772552645523},{"is_buyer_maker":false,"price":9.077,"quantity":1.1,"timestamp":1772552645523},{"is_buyer_maker":false,"price":9.077,"quantity":5.3,"timestamp":1772552645523},{"is_buyer_maker":false,"price":9.077,"quantity":202.5,"timestamp":1772552645523},{"is_buyer_maker":false,"price":9.077,"quantity":6.3,"timestamp":1772552645523},{"is_buyer_maker":false,"price":9.077,"quantity":1.1,"timestamp":1772552645523},{"is_buyer_maker":false,"price":9.077,"quantity":5.3,"timestamp":1772552645523},{"is_buyer_maker":false,"price":9.077,"quantity":202.5,"timestamp":1772552645523},{"is_buyer_maker":false,"price":9.077,"quantity":6.3,"timestamp":1772552645523},{"is_buyer_maker":false,"price":9.077,"quantity":1.1,"timestamp":1772552645523},{"is_buyer_maker":false,"price":9.078,"quantity":1.1,"timestamp":1772552645527},{"is_buyer_maker":false,"price":9.078,"quantity":0.6,"timestamp":1772552645527},{"is_buyer_maker":false,"price":9.078,"quantity":0.7,"timestamp":1772552645527},{"is_buyer_maker":false,"price":9.078,"quantity":1.1,"timestamp":1772552645527},{"is_buyer_maker":false,"price":9.078,"quantity":0.6,"timestamp":1772552645527},{"is_buyer_maker":false,"price":9.078,"quantity":0.7,"timestamp":1772552645527},{"is_buyer_maker":false,"price":9.078,"quantity":1.1,"timestamp":1772552645527},{"is_buyer_maker":false,"price":9.078,"quantity":0.6,"timestamp":1772552645527},{"is_buyer_maker":false,"price":9.078,"quantity":0.7,"timestamp":1772552645527},{"is_buyer_maker":false,"price":9.078,"quantity":1.1,"timestamp":1772552645527},{"is_buyer_maker":false,"price":9.078,"quantity":0.6,"timestamp":1772552645527},{"is_buyer_maker":false,"price":9.078,"quantity":0.7,"timestamp":1772552645527},{"is_buyer_maker":false,"price":9.078,"quantity":1.1,"timestamp":1772552645527},{"is_buyer_maker":false,"price":9.078,"quantity":0.6,"timestamp":1772552645527},{"is_buyer_maker":false,"price":9.078,"quantity":0.7,"timestamp":1772552645527},{"is_buyer_maker":false,"price":9.078,"quantity":1.1,"timestamp":1772552645527},{"is_buyer_maker":false,"price":9.078,"quantity":0.6,"timestamp":1772552645527},{"is_buyer_maker":false,"price":9.078,"quantity":0.7,"timestamp":1772552645527},{"is_buyer_maker":false,"price":9.078,"quantity":1.1,"timestamp":1772552645527},{"is_buyer_maker":false,"price":9.078,"quantity":0.6,"timestamp":1772552645527},{"is_buyer_maker":false,"price":9.078,"quantity":0.7,"timestamp":1772552645527},{"is_buyer_maker":false,"price":9.078,"quantity":1.1,"timestamp":1772552645527},{"is_buyer_maker":false,"price":9.078,"quantity":0.6,"timestamp":1772552645527},{"is_buyer_maker":false,"price":9.078,"quantity":0.7,"timestamp":1772552645527},{"is_buyer_maker":false,"price":9.078,"quantity":1.1,"timestamp":1772552645527},{"is_buyer_maker":false,"price":9.078,"quantity":0.6,"timestamp":1772552645527},{"is_buyer_maker":false,"price":9.078,"quantity":0.7,"timestamp":1772552645527},{"is_buyer_maker":false,"price":9.078,"quantity":1.1,"timestamp":1772552645527},{"is_buyer_maker":false,"price":9.078,"quantity":0.6,"timestamp":1772552645527},{"is_buyer_maker":false,"price":9.078,"quantity":0.7,"timestamp":1772552645527},{"is_buyer_maker":false,"price":9.078,"quantity":1.1,"timestamp":1772552645527},{"is_buyer_maker":false,"price":9.078,"quantity":0.6,"timestamp":1772552645527},{"is_buyer_maker":false,"price":9.078,"quantity":0.7,"timestamp":1772552645527},{"is_buyer_maker":false,"price":9.078,"quantity":1.1,"timestamp":1772552645527},{"is_buyer_maker":false,"price":9.078,"quantity":0.6,"timestamp":1772552645527},{"is_buyer_maker":false,"price":9.078,"quantity":0.7,"timestamp":1772552645527},{"is_buyer_maker":false,"price":9.078,"quantity":1.1,"timestamp":1772552645527},{"is_buyer_maker":false,"price":9.078,"quantity":0.6,"timestamp":1772552645527},{"is_buyer_maker":false,"price":9.078,"quantity":0.7,"timestamp":1772552645527},{"is_buyer_maker":false,"price":9.078,"quantity":1.1,"timestamp":1772552645527},{"is_buyer_maker":false,"price":9.078,"quantity":0.6,"timestamp":1772552645527},{"is_buyer_maker":false,"price":9.078,"quantity":0.7,"timestamp":1772552645527},{"is_buyer_maker":false,"price":9.078,"quantity":1.1,"timestamp":1772552645527},{"is_buyer_maker":false,"price":9.078,"quantity":0.6,"timestamp":1772552645527},{"is_buyer_maker":false,"price":9.078,"quantity":0.7,"timestamp":1772552645527},{"is_buyer_maker":false,"price":9.078,"quantity":1.1,"timestamp":1772552645527},{"is_buyer_maker":false,"price":9.078,"quantity":0.6,"timestamp":1772552645527},{"is_buyer_maker":false,"price":9.078,"quantity":0.7,"timestamp":1772552645527},{"is_buyer_maker":false,"price":9.078,"quantity":1.1,"timestamp":1772552645527},{"is_buyer_maker":false,"price":9.078,"quantity":0.6,"timestamp":1772552645527},{"is_buyer_maker":false,"price":9.078,"quantity":0.7,"timestamp":1772552645527},{"is_buyer_maker":false,"price":9.078,"quantity":1.1,"timestamp":1772552645527},{"is_buyer_maker":false,"price":9.078,"quantity":0.6,"timestamp":1772552645527},{"is_buyer_maker":false,"price":9.078,"quantity":0.7,"timestamp":1772552645527},{"is_buyer_maker":false,"price":9.078,"quantity":1.1,"timestamp":1772552645527},{"is_buyer_maker":false,"price":9.078,"quantity":0.6,"timestamp":1772552645527},{"is_buyer_maker":false,"price":9.078,"quantity":0.7,"timestamp":1772552645527},{"is_buyer_maker":false,"price":9.079,"quantity":1.1,"timestamp":1772552645530},{"is_buyer_maker":false,"price":9.079,"quantity":13.4,"timestamp":1772552645530},{"is_buyer_maker":false,"price":9.079,"quantity":0.9,"timestamp":1772552645530},{"is_buyer_maker":false,"price":9.079,"quantity":0.7,"timestamp":1772552645530},{"is_buyer_maker":false,"price":9.079,"quantity":17.9,"timestamp":1772552645530},{"is_buyer_maker":false,"price":9.079,"quantity":6.6,"timestamp":1772552645530},{"is_buyer_maker":false,"price":9.079,"quantity":62.7,"timestamp":1772552645530},{"is_buyer_maker":false,"price":9.079,"quantity":1.1,"timestamp":1772552645530},{"is_buyer_maker":false,"price":9.079,"quantity":13.4,"timestamp":1772552645530},{"is_buyer_maker":false,"price":9.079,"quantity":0.9,"timestamp":1772552645530},{"is_buyer_maker":false,"price":9.079,"quantity":0.7,"timestamp":1772552645530},{"is_buyer_maker":false,"price":9.079,"quantity":17.9,"timestamp":1772552645530},{"is_buyer_maker":false,"price":9.079,"quantity":6.6,"timestamp":1772552645530},{"is_buyer_maker":false,"price":9.079,"quantity":62.7,"timestamp":1772552645530},{"is_buyer_maker":false,"price":9.079,"quantity":1.1,"timestamp":1772552645530},{"is_buyer_maker":false,"price":9.079,"quantity":13.4,"timestamp":1772552645530},{"is_buyer_maker":false,"price":9.079,"quantity":0.9,"timestamp":1772552645530},{"is_buyer_maker":false,"price":9.079,"quantity":0.7,"timestamp":1772552645530},{"is_buyer_maker":false,"price":9.079,"quantity":17.9,"timestamp":1772552645530},{"is_buyer_maker":false,"price":9.079,"quantity":6.6,"timestamp":1772552645530},{"is_buyer_maker":false,"price":9.079,"quantity":62.7,"timestamp":1772552645530},{"is_buyer_maker":false,"price":9.079,"quantity":1.1,"timestamp":1772552645530},{"is_buyer_maker":false,"price":9.079,"quantity":13.4,"timestamp":1772552645530},{"is_buyer_maker":false,"price":9.079,"quantity":0.9,"timestamp":1772552645530},{"is_buyer_maker":false,"price":9.079,"quantity":0.7,"timestamp":1772552645530},{"is_buyer_maker":false,"price":9.079,"quantity":17.9,"timestamp":1772552645530},{"is_buyer_maker":false,"price":9.079,"quantity":6.6,"timestamp":1772552645530},{"is_buyer_maker":false,"price":9.079,"quantity":62.7,"timestamp":1772552645530},{"is_buyer_maker":false,"price":9.079,"quantity":1.1,"timestamp":1772552645530},{"is_buyer_maker":false,"price":9.079,"quantity":13.4,"timestamp":1772552645530},{"is_buyer_maker":false,"price":9.079,"quantity":0.9,"timestamp":1772552645530},{"is_buyer_maker":false,"price":9.079,"quantity":0.7,"timestamp":1772552645530},{"is_buyer_maker":false,"price":9.079,"quantity":17.9,"timestamp":1772552645530},{"is_buyer_maker":false,"price":9.079,"quantity":6.6,"timestamp":1772552645530},{"is_buyer_maker":false,"price":9.079,"quantity":62.7,"timestamp":1772552645530},{"is_buyer_maker":false,"price":9.079,"quantity":1.1,"timestamp":1772552645530},{"is_buyer_maker":false,"price":9.079,"quantity":13.4,"timestamp":1772552645530},{"is_buyer_maker":false,"price":9.079,"quantity":0.9,"timestamp":1772552645530},{"is_buyer_maker":false,"price":9.079,"quantity":0.7,"timestamp":1772552645530},{"is_buyer_maker":false,"price":9.079,"quantity":17.9,"timestamp":1772552645530},{"is_buyer_maker":false,"price":9.079,"quantity":6.6,"timestamp":1772552645530},{"is_buyer_maker":false,"price":9.079,"quantity":62.7,"timestamp":1772552645530},{"is_buyer_maker":false,"price":9.079,"quantity":1.1,"timestamp":1772552645530},{"is_buyer_maker":false,"price":9.079,"quantity":13.4,"timestamp":1772552645530},{"is_buyer_maker":false,"price":9.079,"quantity":0.9,"timestamp":1772552645530},{"is_buyer_maker":false,"price":9.079,"quantity":0.7,"timestamp":1772552645530},{"is_buyer_maker":false,"price":9.079,"quantity":17.9,"timestamp":1772552645530},{"is_buyer_maker":false,"price":9.079,"quantity":6.6,"timestamp":1772552645530},{"is_buyer_maker":false,"price":9.079,"quantity":62.7,"timestamp":1772552645530},{"is_buyer_maker":false,"price":9.079,"quantity":1.1,"timestamp":1772552645530},{"is_buyer_maker":false,"price":9.079,"quantity":13.4,"timestamp":1772552645530},{"is_buyer_maker":false,"price":9.079,"quantity":0.9,"timestamp":1772552645530},{"is_buyer_maker":false,"price":9.079,"quantity":0.7,"timestamp":1772552645530},{"is_buyer_maker":false,"price":9.079,"quantity":17.9,"timestamp":1772552645530},{"is_buyer_maker":false,"price":9.079,"quantity":6.6,"timestamp":1772552645530},{"is_buyer_maker":false,"price":9.079,"quantity":62.7,"timestamp":1772552645530},{"is_buyer_maker":false,"price":9.079,"quantity":1.1,"timestamp":1772552645530},{"is_buyer_maker":false,"price":9.079,"quantity":13.4,"timestamp":1772552645530},{"is_buyer_maker":false,"price":9.079,"quantity":0.9,"timestamp":1772552645530},{"is_buyer_maker":false,"price":9.079,"quantity":0.7,"timestamp":1772552645530},{"is_buyer_maker":false,"price":9.079,"quantity":17.9,"timestamp":1772552645530},{"is_buyer_maker":false,"price":9.079,"quantity":6.6,"timestamp":1772552645530},{"is_buyer_maker":false,"price":9.079,"quantity":62.7,"timestamp":1772552645530},{"is_buyer_maker":false,"price":9.079,"quantity":1.1,"timestamp":1772552645530},{"is_buyer_maker":false,"price":9.079,"quantity":13.4,"timestamp":1772552645530},{"is_buyer_maker":false,"price":9.079,"quantity":0.9,"timestamp":1772552645530},{"is_buyer_maker":false,"price":9.079,"quantity":0.7,"timestamp":1772552645530},{"is_buyer_maker":false,"price":9.079,"quantity":17.9,"timestamp":1772552645530},{"is_buyer_maker":false,"price":9.079,"quantity":6.6,"timestamp":1772552645530},{"is_buyer_maker":false,"price":9.079,"quantity":62.7,"timestamp":1772552645530},{"is_buyer_maker":false,"price":9.079,"quantity":1.1,"timestamp":1772552645530},{"is_buyer_maker":false,"price":9.079,"quantity":13.4,"timestamp":1772552645530},{"is_buyer_maker":false,"price":9.079,"quantity":0.9,"timestamp":1772552645530},{"is_buyer_maker":false,"price":9.079,"quantity":0.7,"timestamp":1772552645530},{"is_buyer_maker":false,"price":9.079,"quantity":17.9,"timestamp":1772552645530},{"is_buyer_maker":false,"price":9.079,"quantity":6.6,"timestamp":1772552645530},{"is_buyer_maker":false,"price":9.079,"quantity":62.7,"timestamp":1772552645530},{"is_buyer_maker":false,"price":9.079,"quantity":1.1,"timestamp":1772552645530},{"is_buyer_maker":false,"price":9.079,"quantity":13.4,"timestamp":1772552645530},{"is_buyer_maker":false,"price":9.079,"quantity":0.9,"timestamp":1772552645530},{"is_buyer_maker":false,"price":9.079,"quantity":0.7,"timestamp":1772552645530},{"is_buyer_maker":false,"price":9.079,"quantity":17.9,"timestamp":1772552645530},{"is_buyer_maker":false,"price":9.079,"quantity":6.6,"timestamp":1772552645530},{"is_buyer_maker":false,"price":9.079,"quantity":62.7,"timestamp":1772552645530},{"is_buyer_maker":false,"price":9.079,"quantity":1.1,"timestamp":1772552645530},{"is_buyer_maker":false,"price":9.079,"quantity":13.4,"timestamp":1772552645530},{"is_buyer_maker":false,"price":9.079,"quantity":0.9,"timestamp":1772552645530},{"is_buyer_maker":false,"price":9.079,"quantity":0.7,"timestamp":1772552645530},{"is_buyer_maker":false,"price":9.079,"quantity":17.9,"timestamp":1772552645530},{"is_buyer_maker":false,"price":9.079,"quantity":6.6,"timestamp":1772552645530},{"is_buyer_maker":false,"price":9.079,"quantity":62.7,"timestamp":1772552645530},{"is_buyer_maker":false,"price":9.079,"quantity":1.1,"timestamp":1772552645530},{"is_buyer_maker":false,"price":9.079,"quantity":13.4,"timestamp":1772552645530},{"is_buyer_maker":false,"price":9.079,"quantity":0.9,"timestamp":1772552645530},{"is_buyer_maker":false,"price":9.079,"quantity":0.7,"timestamp":1772552645530},{"is_buyer_maker":false,"price":9.079,"quantity":17.9,"timestamp":1772552645530},{"is_buyer_maker":false,"price":9.079,"quantity":6.6,"timestamp":1772552645530},{"is_buyer_maker":false,"price":9.079,"quantity":62.7,"timestamp":1772552645530},{"is_buyer_maker":false,"price":9.079,"quantity":1.1,"timestamp":1772552645530},{"is_buyer_maker":false,"price":9.079,"quantity":13.4,"timestamp":1772552645530},{"is_buyer_maker":false,"price":9.079,"quantity":0.9,"timestamp":1772552645530},{"is_buyer_maker":false,"price":9.079,"quantity":0.7,"timestamp":1772552645530},{"is_buyer_maker":false,"price":9.079,"quantity":17.9,"timestamp":1772552645530},{"is_buyer_maker":false,"price":9.079,"quantity":6.6,"timestamp":1772552645530},{"is_buyer_maker":false,"price":9.079,"quantity":62.7,"timestamp":1772552645530},{"is_buyer_maker":false,"price":9.079,"quantity":1.1,"timestamp":1772552645530},{"is_buyer_maker":false,"price":9.079,"quantity":13.4,"timestamp":1772552645530},{"is_buyer_maker":false,"price":9.079,"quantity":0.9,"timestamp":1772552645530},{"is_buyer_maker":false,"price":9.079,"quantity":0.7,"timestamp":1772552645530},{"is_buyer_maker":false,"price":9.079,"quantity":17.9,"timestamp":1772552645530},{"is_buyer_maker":false,"price":9.079,"quantity":6.6,"timestamp":1772552645530},{"is_buyer_maker":false,"price":9.079,"quantity":62.7,"timestamp":1772552645530},{"is_buyer_maker":false,"price":9.079,"quantity":1.1,"timestamp":1772552645530},{"is_buyer_maker":false,"price":9.079,"quantity":13.4,"timestamp":1772552645530},{"is_buyer_maker":false,"price":9.079,"quantity":0.9,"timestamp":1772552645530},{"is_buyer_maker":false,"price":9.079,"quantity":0.7,"timestamp":1772552645530},{"is_buyer_maker":false,"price":9.079,"quantity":17.9,"timestamp":1772552645530},{"is_buyer_maker":false,"price":9.079,"quantity":6.6,"timestamp":1772552645530},{"is_buyer_maker":false,"price":9.079,"quantity":62.7,"timestamp":1772552645530},{"is_buyer_maker":false,"price":9.079,"quantity":1.1,"timestamp":1772552645530},{"is_buyer_maker":false,"price":9.079,"quantity":13.4,"timestamp":1772552645530},{"is_buyer_maker":false,"price":9.079,"quantity":0.9,"timestamp":1772552645530},{"is_buyer_maker":false,"price":9.079,"quantity":0.7,"timestamp":1772552645530},{"is_buyer_maker":false,"price":9.079,"quantity":17.9,"timestamp":1772552645530},{"is_buyer_maker":false,"price":9.079,"quantity":6.6,"timestamp":1772552645530},{"is_buyer_maker":false,"price":9.079,"quantity":62.7,"timestamp":1772552645530},{"is_buyer_maker":false,"price":9.079,"quantity":1.1,"timestamp":1772552645530},{"is_buyer_maker":false,"price":9.079,"quantity":13.4,"timestamp":1772552645530},{"is_buyer_maker":false,"price":9.079,"quantity":0.9,"timestamp":1772552645530},{"is_buyer_maker":false,"price":9.079,"quantity":0.7,"timestamp":1772552645530},{"is_buyer_maker":false,"price":9.079,"quantity":17.9,"timestamp":1772552645530},{"is_buyer_maker":false,"price":9.079,"quantity":6.6,"timestamp":1772552645530},{"is_buyer_maker":false,"price":9.079,"quantity":62.7,"timestamp":1772552645530},{"is_buyer_maker":false,"price":9.08,"quantity":1.1,"timestamp":1772552647199},{"is_buyer_maker":true,"price":9.079,"quantity":1.1,"timestamp":1772552648919},{"is_buyer_maker":true,"price":9.078,"quantity":1.1,"timestamp":1772552650824},{"is_buyer_maker":true,"price":9.078,"quantity":0.9,"timestamp":1772552650824},{"is_buyer_maker":true,"price":9.078,"quantity":1.1,"timestamp":1772552650824},{"is_buyer_maker":true,"price":9.078,"quantity":0.9,"timestamp":1772552650824},{"is_buyer_maker":true,"price":9.078,"quantity":1.1,"timestamp":1772552650824},{"is_buyer_maker":true,"price":9.078,"quantity":0.9,"timestamp":1772552650824},{"is_buyer_maker":true,"price":9.078,"quantity":1.1,"timestamp":1772552650824},{"is_buyer_maker":true,"price":9.078,"quantity":0.9,"timestamp":1772552650824},{"is_buyer_maker":true,"price":9.078,"quantity":1.1,"timestamp":1772552650824},{"is_buyer_maker":true,"price":9.078,"quantity":0.9,"timestamp":1772552650824},{"is_buyer_maker":true,"price":9.078,"quantity":1.1,"timestamp":1772552650824},{"is_buyer_maker":true,"price":9.078,"quantity":0.9,"timestamp":1772552650824},{"is_buyer_maker":true,"price":9.078,"quantity":1.1,"timestamp":1772552650824},{"is_buyer_maker":true,"price":9.078,"quantity":0.9,"timestamp":1772552650824},{"is_buyer_maker":true,"price":9.078,"quantity":1.1,"timestamp":1772552650824},{"is_buyer_maker":true,"price":9.078,"quantity":0.9,"timestamp":1772552650824},{"is_buyer_maker":true,"price":9.078,"quantity":1.1,"timestamp":1772552650824},{"is_buyer_maker":true,"price":9.078,"quantity":0.9,"timestamp":1772552650824},{"is_buyer_maker":true,"price":9.078,"quantity":1.1,"timestamp":1772552650824},{"is_buyer_maker":true,"price":9.078,"quantity":0.9,"timestamp":1772552650824},{"is_buyer_maker":true,"price":9.078,"quantity":1.1,"timestamp":1772552650824},{"is_buyer_maker":true,"price":9.078,"quantity":0.9,"timestamp":1772552650824},{"is_buyer_maker":true,"price":9.078,"quantity":1.1,"timestamp":1772552650824},{"is_buyer_maker":true,"price":9.078,"quantity":0.9,"timestamp":1772552650824},{"is_buyer_maker":true,"price":9.078,"quantity":1.1,"timestamp":1772552650824},{"is_buyer_maker":true,"price":9.078,"quantity":0.9,"timestamp":1772552650824},{"is_buyer_maker":true,"price":9.078,"quantity":1.1,"timestamp":1772552650824},{"is_buyer_maker":true,"price":9.078,"quantity":0.9,"timestamp":1772552650824},{"is_buyer_maker":true,"price":9.078,"quantity":1.1,"timestamp":1772552650824},{"is_buyer_maker":true,"price":9.078,"quantity":0.9,"timestamp":1772552650824},{"is_buyer_maker":true,"price":9.078,"quantity":1.1,"timestamp":1772552650824},{"is_buyer_maker":true,"price":9.078,"quantity":0.9,"timestamp":1772552650824},{"is_buyer_maker":true,"price":9.078,"quantity":1.1,"timestamp":1772552650824},{"is_buyer_maker":true,"price":9.078,"quantity":0.9,"timestamp":1772552650824},{"is_buyer_maker":true,"price":9.078,"quantity":1.1,"timestamp":1772552650824},{"is_buyer_maker":true,"price":9.078,"quantity":0.9,"timestamp":1772552650824},{"is_buyer_maker":true,"price":9.078,"quantity":1.1,"timestamp":1772552650824},{"is_buyer_maker":true,"price":9.078,"quantity":0.9,"timestamp":1772552650824},{"is_buyer_maker":true,"price":9.077,"quantity":1.1,"timestamp":1772552651243},{"is_buyer_maker":true,"price":9.077,"quantity":6.0,"timestamp":1772552651243},{"is_buyer_maker":true,"price":9.077,"quantity":5.6,"timestamp":1772552651243},{"is_buyer_maker":true,"price":9.077,"quantity":0.7,"timestamp":1772552651243},{"is_buyer_maker":true,"price":9.077,"quantity":1.1,"timestamp":1772552651243},{"is_buyer_maker":true,"price":9.077,"quantity":6.0,"timestamp":1772552651243},{"is_buyer_maker":true,"price":9.077,"quantity":5.6,"timestamp":1772552651243},{"is_buyer_maker":true,"price":9.077,"quantity":0.7,"timestamp":1772552651243},{"is_buyer_maker":true,"price":9.077,"quantity":1.1,"timestamp":1772552651243},{"is_buyer_maker":true,"price":9.077,"quantity":6.0,"timestamp":1772552651243},{"is_buyer_maker":true,"price":9.077,"quantity":5.6,"timestamp":1772552651243},{"is_buyer_maker":true,"price":9.077,"quantity":0.7,"timestamp":1772552651243},{"is_buyer_maker":true,"price":9.077,"quantity":1.1,"timestamp":1772552651243},{"is_buyer_maker":true,"price":9.077,"quantity":6.0,"timestamp":1772552651243},{"is_buyer_maker":true,"price":9.077,"quantity":5.6,"timestamp":1772552651243},{"is_buyer_maker":true,"price":9.077,"quantity":0.7,"timestamp":1772552651243},{"is_buyer_maker":true,"price":9.077,"quantity":1.1,"timestamp":1772552651243},{"is_buyer_maker":true,"price":9.077,"quantity":6.0,"timestamp":1772552651243},{"is_buyer_maker":true,"price":9.077,"quantity":5.6,"timestamp":1772552651243},{"is_buyer_maker":true,"price":9.077,"quantity":0.7,"timestamp":1772552651243},{"is_buyer_maker":true,"price":9.077,"quantity":1.1,"timestamp":1772552651243},{"is_buyer_maker":true,"price":9.077,"quantity":6.0,"timestamp":1772552651243},{"is_buyer_maker":true,"price":9.077,"quantity":5.6,"timestamp":1772552651243},{"is_buyer_maker":true,"price":9.077,"quantity":0.7,"timestamp":1772552651243},{"is_buyer_maker":true,"price":9.077,"quantity":1.1,"timestamp":1772552651243},{"is_buyer_maker":true,"price":9.077,"quantity":6.0,"timestamp":1772552651243},{"is_buyer_maker":true,"price":9.077,"quantity":5.6,"timestamp":1772552651243},{"is_buyer_maker":true,"price":9.077,"quantity":0.7,"timestamp":1772552651243},{"is_buyer_maker":true,"price":9.077,"quantity":1.1,"timestamp":1772552651243},{"is_buyer_maker":true,"price":9.077,"quantity":6.0,"timestamp":1772552651243},{"is_buyer_maker":true,"price":9.077,"quantity":5.6,"timestamp":1772552651243},{"is_buyer_maker":true,"price":9.077,"quantity":0.7,"timestamp":1772552651243},{"is_buyer_maker":true,"price":9.077,"quantity":1.1,"timestamp":1772552651243},{"is_buyer_maker":true,"price":9.077,"quantity":6.0,"timestamp":1772552651243},{"is_buyer_maker":true,"price":9.077,"quantity":5.6,"timestamp":1772552651243},{"is_buyer_maker":true,"price":9.077,"quantity":0.7,"timestamp":1772552651243},{"is_buyer_maker":true,"price":9.077,"quantity":1.1,"timestamp":1772552651243},{"is_buyer_maker":true,"price":9.077,"quantity":6.0,"timestamp":1772552651243},{"is_buyer_maker":true,"price":9.077,"quantity":5.6,"timestamp":1772552651243},{"is_buyer_maker":true,"price":9.077,"quantity":0.7,"timestamp":1772552651243},{"is_buyer_maker":true,"price":9.077,"quantity":1.1,"timestamp":1772552651243},{"is_buyer_maker":true,"price":9.077,"quantity":6.0,"timestamp":1772552651243},{"is_buyer_maker":true,"price":9.077,"quantity":5.6,"timestamp":1772552651243},{"is_buyer_maker":true,"price":9.077,"quantity":0.7,"timestamp":1772552651243},{"is_buyer_maker":true,"price":9.077,"quantity":1.1,"timestamp":1772552651243},{"is_buyer_maker":true,"price":9.077,"quantity":6.0,"timestamp":1772552651243},{"is_buyer_maker":true,"price":9.077,"quantity":5.6,"timestamp":1772552651243},{"is_buyer_maker":true,"price":9.077,"quantity":0.7,"timestamp":1772552651243},{"is_buyer_maker":true,"price":9.077,"quantity":1.1,"timestamp":1772552651243},{"is_buyer_maker":true,"price":9.077,"quantity":6.0,"timestamp":1772552651243},{"is_buyer_maker":true,"price":9.077,"quantity":5.6,"timestamp":1772552651243},{"is_buyer_maker":true,"price":9.077,"quantity":0.7,"timestamp":1772552651243},{"is_buyer_maker":true,"price":9.077,"quantity":1.1,"timestamp":1772552651243},{"is_buyer_maker":true,"price":9.077,"quantity":6.0,"timestamp":1772552651243},{"is_buyer_maker":true,"price":9.077,"quantity":5.6,"timestamp":1772552651243},{"is_buyer_maker":true,"price":9.077,"quantity":0.7,"timestamp":1772552651243},{"is_buyer_maker":true,"price":9.077,"quantity":1.1,"timestamp":1772552651243},{"is_buyer_maker":true,"price":9.077,"quantity":6.0,"timestamp":1772552651243},{"is_buyer_maker":true,"price":9.077,"quantity":5.6,"timestamp":1772552651243},{"is_buyer_maker":true,"price":9.077,"quantity":0.7,"timestamp":1772552651243},{"is_buyer_maker":true,"price":9.077,"quantity":1.1,"timestamp":1772552651243},{"is_buyer_maker":true,"price":9.077,"quantity":6.0,"timestamp":1772552651243},{"is_buyer_maker":true,"price":9.077,"quantity":5.6,"timestamp":1772552651243},{"is_buyer_maker":true,"price":9.077,"quantity":0.7,"timestamp":1772552651243},{"is_buyer_maker":true,"price":9.077,"quantity":1.1,"timestamp":1772552651243},{"is_buyer_maker":true,"price":9.077,"quantity":6.0,"timestamp":1772552651243},{"is_buyer_maker":true,"price":9.077,"quantity":5.6,"timestamp":1772552651243},{"is_buyer_maker":true,"price":9.077,"quantity":0.7,"timestamp":1772552651243},{"is_buyer_maker":true,"price":9.077,"quantity":1.1,"timestamp":1772552651243},{"is_buyer_maker":true,"price":9.077,"quantity":6.0,"timestamp":1772552651243},{"is_buyer_maker":true,"price":9.077,"quantity":5.6,"timestamp":1772552651243},{"is_buyer_maker":true,"price":9.077,"quantity":0.7,"timestamp":1772552651243},{"is_buyer_maker":true,"price":9.077,"quantity":1.1,"timestamp":1772552651243},{"is_buyer_maker":true,"price":9.077,"quantity":6.0,"timestamp":1772552651243},{"is_buyer_maker":true,"price":9.077,"quantity":5.6,"timestamp":1772552651243},{"is_buyer_maker":true,"price":9.077,"quantity":0.7,"timestamp":1772552651243},{"is_buyer_maker":true,"price":9.076,"quantity":1.1,"timestamp":1772552651392},{"is_buyer_maker":true,"price":9.076,"quantity":0.9,"timestamp":1772552651392},{"is_buyer_maker":true,"price":9.076,"quantity":0.7,"timestamp":1772552651392},{"is_buyer_maker":true,"price":9.075,"quantity":9.3,"timestamp":1772552651392},{"is_buyer_maker":true,"price":9.075,"quantity":6.5,"timestamp":1772552651392},{"is_buyer_maker":true,"price":9.076,"quantity":1.1,"timestamp":1772552651392},{"is_buyer_maker":true,"price":9.076,"quantity":0.9,"timestamp":1772552651392},{"is_buyer_maker":true,"price":9.076,"quantity":0.7,"timestamp":1772552651392},{"is_buyer_maker":true,"price":9.075,"quantity":9.3,"timestamp":1772552651392},{"is_buyer_maker":true,"price":9.075,"quantity":6.5,"timestamp":1772552651392},{"is_buyer_maker":true,"price":9.076,"quantity":1.1,"timestamp":1772552651392},{"is_buyer_maker":true,"price":9.076,"quantity":0.9,"timestamp":1772552651392},{"is_buyer_maker":true,"price":9.076,"quantity":0.7,"timestamp":1772552651392},{"is_buyer_maker":true,"price":9.075,"quantity":9.3,"timestamp":1772552651392},{"is_buyer_maker":true,"price":9.075,"quantity":6.5,"timestamp":1772552651392},{"is_buyer_maker":true,"price":9.076,"quantity":1.1,"timestamp":1772552651392},{"is_buyer_maker":true,"price":9.076,"quantity":0.9,"timestamp":1772552651392},{"is_buyer_maker":true,"price":9.076,"quantity":0.7,"timestamp":1772552651392},{"is_buyer_maker":true,"price":9.075,"quantity":9.3,"timestamp":1772552651392},{"is_buyer_maker":true,"price":9.075,"quantity":6.5,"timestamp":1772552651392},{"is_buyer_maker":true,"price":9.076,"quantity":1.1,"timestamp":1772552651392},{"is_buyer_maker":true,"price":9.076,"quantity":0.9,"timestamp":1772552651392},{"is_buyer_maker":true,"price":9.076,"quantity":0.7,"timestamp":1772552651392},{"is_buyer_maker":true,"price":9.075,"quantity":9.3,"timestamp":1772552651392},{"is_buyer_maker":true,"price":9.075,"quantity":6.5,"timestamp":1772552651392},{"is_buyer_maker":true,"price":9.076,"quantity":1.1,"timestamp":1772552651392},{"is_buyer_maker":true,"price":9.076,"quantity":0.9,"timestamp":1772552651392},{"is_buyer_maker":true,"price":9.076,"quantity":0.7,"timestamp":1772552651392},{"is_buyer_maker":true,"price":9.075,"quantity":9.3,"timestamp":1772552651392},{"is_buyer_maker":true,"price":9.075,"quantity":6.5,"timestamp":1772552651392},{"is_buyer_maker":true,"price":9.076,"quantity":1.1,"timestamp":1772552651392},{"is_buyer_maker":true,"price":9.076,"quantity":0.9,"timestamp":1772552651392},{"is_buyer_maker":true,"price":9.076,"quantity":0.7,"timestamp":1772552651392},{"is_buyer_maker":true,"price":9.075,"quantity":9.3,"timestamp":1772552651392},{"is_buyer_maker":true,"price":9.075,"quantity":6.5,"timestamp":1772552651392},{"is_buyer_maker":true,"price":9.076,"quantity":1.1,"timestamp":1772552651392},{"is_buyer_maker":true,"price":9.076,"quantity":0.9,"timestamp":1772552651392},{"is_buyer_maker":true,"price":9.076,"quantity":0.7,"timestamp":1772552651392},{"is_buyer_maker":true,"price":9.075,"quantity":9.3,"timestamp":1772552651392},{"is_buyer_maker":true,"price":9.075,"quantity":6.5,"timestamp":1772552651392},{"is_buyer_maker":true,"price":9.076,"quantity":1.1,"timestamp":1772552651392},{"is_buyer_maker":true,"price":9.076,"quantity":0.9,"timestamp":1772552651392},{"is_buyer_maker":true,"price":9.076,"quantity":0.7,"timestamp":1772552651392},{"is_buyer_maker":true,"price":9.075,"quantity":9.3,"timestamp":1772552651392},{"is_buyer_maker":true,"price":9.075,"quantity":6.5,"timestamp":1772552651392},{"is_buyer_maker":true,"price":9.076,"quantity":1.1,"timestamp":1772552651392},{"is_buyer_maker":true,"price":9.076,"quantity":0.9,"timestamp":1772552651392},{"is_buyer_maker":true,"price":9.076,"quantity":0.7,"timestamp":1772552651392},{"is_buyer_maker":true,"price":9.075,"quantity":9.3,"timestamp":1772552651392},{"is_buyer_maker":true,"price":9.075,"quantity":6.5,"timestamp":1772552651392},{"is_buyer_maker":true,"price":9.076,"quantity":1.1,"timestamp":1772552651392},{"is_buyer_maker":true,"price":9.076,"quantity":0.9,"timestamp":1772552651392},{"is_buyer_maker":true,"price":9.076,"quantity":0.7,"timestamp":1772552651392},{"is_buyer_maker":true,"price":9.075,"quantity":9.3,"timestamp":1772552651392},{"is_buyer_maker":true,"price":9.075,"quantity":6.5,"timestamp":1772552651392},{"is_buyer_maker":true,"price":9.076,"quantity":1.1,"timestamp":1772552651392},{"is_buyer_maker":true,"price":9.076,"quantity":0.9,"timestamp":1772552651392},{"is_buyer_maker":true,"price":9.076,"quantity":0.7,"timestamp":1772552651392},{"is_buyer_maker":true,"price":9.075,"quantity":9.3,"timestamp":1772552651392},{"is_buyer_maker":true,"price":9.075,"quantity":6.5,"timestamp":1772552651392},{"is_buyer_maker":true,"price":9.076,"quantity":1.1,"timestamp":1772552651392},{"is_buyer_maker":true,"price":9.076,"quantity":0.9,"timestamp":1772552651392},{"is_buyer_maker":true,"price":9.076,"quantity":0.7,"timestamp":1772552651392},{"is_buyer_maker":true,"price":9.075,"quantity":9.3,"timestamp":1772552651392},{"is_buyer_maker":true,"price":9.075,"quantity":6.5,"timestamp":1772552651392},{"is_buyer_maker":true,"price":9.076,"quantity":1.1,"timestamp":1772552651392},{"is_buyer_maker":true,"price":9.076,"quantity":0.9,"timestamp":1772552651392},{"is_buyer_maker":true,"price":9.076,"quantity":0.7,"timestamp":1772552651392},{"is_buyer_maker":true,"price":9.075,"quantity":9.3,"timestamp":1772552651392},{"is_buyer_maker":true,"price":9.075,"quantity":6.5,"timestamp":1772552651392},{"is_buyer_maker":true,"price":9.076,"quantity":1.1,"timestamp":1772552651392},{"is_buyer_maker":true,"price":9.076,"quantity":0.9,"timestamp":1772552651392},{"is_buyer_maker":true,"price":9.076,"quantity":0.7,"timestamp":1772552651392},{"is_buyer_maker":true,"price":9.075,"quantity":9.3,"timestamp":1772552651392},{"is_buyer_maker":true,"price":9.075,"quantity":6.5,"timestamp":1772552651392},{"is_buyer_maker":true,"price":9.076,"quantity":1.1,"timestamp":1772552651392},{"is_buyer_maker":true,"price":9.076,"quantity":0.9,"timestamp":1772552651392},{"is_buyer_maker":true,"price":9.076,"quantity":0.7,"timestamp":1772552651392},{"is_buyer_maker":true,"price":9.075,"quantity":9.3,"timestamp":1772552651392},{"is_buyer_maker":true,"price":9.075,"quantity":6.5,"timestamp":1772552651392},{"is_buyer_maker":true,"price":9.076,"quantity":1.1,"timestamp":1772552651392},{"is_buyer_maker":true,"price":9.076,"quantity":0.9,"timestamp":1772552651392},{"is_buyer_maker":true,"price":9.076,"quantity":0.7,"timestamp":1772552651392},{"is_buyer_maker":true,"price":9.075,"quantity":9.3,"timestamp":1772552651392},{"is_buyer_maker":true,"price":9.075,"quantity":6.5,"timestamp":1772552651392},{"is_buyer_maker":true,"price":9.076,"quantity":1.1,"timestamp":1772552651392},{"is_buyer_maker":true,"price":9.076,"quantity":0.9,"timestamp":1772552651392},{"is_buyer_maker":true,"price":9.076,"quantity":0.7,"timestamp":1772552651392},{"is_buyer_maker":true,"price":9.075,"quantity":9.3,"timestamp":1772552651392},{"is_buyer_maker":true,"price":9.075,"quantity":6.5,"timestamp":1772552651392},{"is_buyer_maker":true,"price":9.076,"quantity":1.1,"timestamp":1772552651392},{"is_buyer_maker":true,"price":9.076,"quantity":0.9,"timestamp":1772552651392},{"is_buyer_maker":true,"price":9.076,"quantity":0.7,"timestamp":1772552651392},{"is_buyer_maker":true,"price":9.075,"quantity":9.3,"timestamp":1772552651392},{"is_buyer_maker":true,"price":9.075,"quantity":6.5,"timestamp":1772552651392},{"is_buyer_maker":true,"price":9.075,"quantity":11.2,"timestamp":1772552651396},{"is_buyer_maker":true,"price":9.075,"quantity":1.1,"timestamp":1772552653179},{"is_buyer_maker":true,"price":9.075,"quantity":0.7,"timestamp":1772552653179},{"is_buyer_maker":true,"price":9.075,"quantity":1.7,"timestamp":1772552653179},{"is_buyer_maker":true,"price":9.075,"quantity":1.1,"timestamp":1772552653179},{"is_buyer_maker":true,"price":9.075,"quantity":0.7,"timestamp":1772552653179},{"is_buyer_maker":true,"price":9.075,"quantity":1.7,"timestamp":1772552653179},{"is_buyer_maker":true,"price":9.075,"quantity":1.1,"timestamp":1772552653179},{"is_buyer_maker":true,"price":9.075,"quantity":0.7,"timestamp":1772552653179},{"is_buyer_maker":true,"price":9.075,"quantity":1.7,"timestamp":1772552653179},{"is_buyer_maker":true,"price":9.075,"quantity":1.1,"timestamp":1772552653179},{"is_buyer_maker":true,"price":9.075,"quantity":0.7,"timestamp":1772552653179},{"is_buyer_maker":true,"price":9.075,"quantity":1.7,"timestamp":1772552653179},{"is_buyer_maker":true,"price":9.075,"quantity":1.1,"timestamp":1772552653179},{"is_buyer_maker":true,"price":9.075,"quantity":0.7,"timestamp":1772552653179},{"is_buyer_maker":true,"price":9.075,"quantity":1.7,"timestamp":1772552653179},{"is_buyer_maker":true,"price":9.075,"quantity":1.1,"timestamp":1772552653179},{"is_buyer_maker":true,"price":9.075,"quantity":0.7,"timestamp":1772552653179},{"is_buyer_maker":true,"price":9.075,"quantity":1.7,"timestamp":1772552653179},{"is_buyer_maker":true,"price":9.075,"quantity":1.1,"timestamp":1772552653179},{"is_buyer_maker":true,"price":9.075,"quantity":0.7,"timestamp":1772552653179},{"is_buyer_maker":true,"price":9.075,"quantity":1.7,"timestamp":1772552653179},{"is_buyer_maker":true,"price":9.075,"quantity":1.1,"timestamp":1772552653179},{"is_buyer_maker":true,"price":9.075,"quantity":0.7,"timestamp":1772552653179},{"is_buyer_maker":true,"price":9.075,"quantity":1.7,"timestamp":1772552653179},{"is_buyer_maker":true,"price":9.075,"quantity":1.1,"timestamp":1772552653179},{"is_buyer_maker":true,"price":9.075,"quantity":0.7,"timestamp":1772552653179},{"is_buyer_maker":true,"price":9.075,"quantity":1.7,"timestamp":1772552653179},{"is_buyer_maker":true,"price":9.075,"quantity":1.1,"timestamp":1772552653179},{"is_buyer_maker":true,"price":9.075,"quantity":0.7,"timestamp":1772552653179},{"is_buyer_maker":true,"price":9.075,"quantity":1.7,"timestamp":1772552653179},{"is_buyer_maker":true,"price":9.075,"quantity":1.1,"timestamp":1772552653179},{"is_buyer_maker":true,"price":9.075,"quantity":0.7,"timestamp":1772552653179},{"is_buyer_maker":true,"price":9.075,"quantity":1.7,"timestamp":1772552653179},{"is_buyer_maker":true,"price":9.075,"quantity":1.1,"timestamp":1772552653179},{"is_buyer_maker":true,"price":9.075,"quantity":0.7,"timestamp":1772552653179},{"is_buyer_maker":true,"price":9.075,"quantity":1.7,"timestamp":1772552653179},{"is_buyer_maker":true,"price":9.075,"quantity":1.1,"timestamp":1772552653179},{"is_buyer_maker":true,"price":9.075,"quantity":0.7,"timestamp":1772552653179},{"is_buyer_maker":true,"price":9.075,"quantity":1.7,"timestamp":1772552653179},{"is_buyer_maker":true,"price":9.075,"quantity":1.1,"timestamp":1772552653179},{"is_buyer_maker":true,"price":9.075,"quantity":0.7,"timestamp":1772552653179},{"is_buyer_maker":true,"price":9.075,"quantity":1.7,"timestamp":1772552653179},{"is_buyer_maker":true,"price":9.075,"quantity":1.1,"timestamp":1772552653179},{"is_buyer_maker":true,"price":9.075,"quantity":0.7,"timestamp":1772552653179},{"is_buyer_maker":true,"price":9.075,"quantity":1.7,"timestamp":1772552653179},{"is_buyer_maker":true,"price":9.075,"quantity":1.1,"timestamp":1772552653179},{"is_buyer_maker":true,"price":9.075,"quantity":0.7,"timestamp":1772552653179},{"is_buyer_maker":true,"price":9.075,"quantity":1.7,"timestamp":1772552653179},{"is_buyer_maker":true,"price":9.075,"quantity":1.1,"timestamp":1772552653179},{"is_buyer_maker":true,"price":9.075,"quantity":0.7,"timestamp":1772552653179},{"is_buyer_maker":true,"price":9.075,"quantity":1.7,"timestamp":1772552653179},{"is_buyer_maker":true,"price":9.075,"quantity":1.1,"timestamp":1772552653179},{"is_buyer_maker":true,"price":9.075,"quantity":0.7,"timestamp":1772552653179},{"is_buyer_maker":true,"price":9.075,"quantity":1.7,"timestamp":1772552653179},{"is_buyer_maker":true,"price":9.075,"quantity":1.1,"timestamp":1772552653179},{"is_buyer_maker":true,"price":9.075,"quantity":0.7,"timestamp":1772552653179},{"is_buyer_maker":true,"price":9.075,"quantity":1.7,"timestamp":1772552653179},{"is_buyer_maker":true,"price":9.074,"quantity":1.2,"timestamp":1772552653499},{"is_buyer_maker":true,"price":9.074,"quantity":0.7,"timestamp":1772552653499},{"is_buyer_maker":true,"price":9.074,"quantity":0.9,"timestamp":1772552653499},{"is_buyer_maker":true,"price":9.074,"quantity":1.2,"timestamp":1772552653499},{"is_buyer_maker":true,"price":9.074,"quantity":0.7,"timestamp":1772552653499},{"is_buyer_maker":true,"price":9.074,"quantity":0.9,"timestamp":1772552653499},{"is_buyer_maker":true,"price":9.074,"quantity":1.2,"timestamp":1772552653499},{"is_buyer_maker":true,"price":9.074,"quantity":0.7,"timestamp":1772552653499},{"is_buyer_maker":true,"price":9.074,"quantity":0.9,"timestamp":1772552653499},{"is_buyer_maker":true,"price":9.074,"quantity":1.2,"timestamp":1772552653499},{"is_buyer_maker":true,"price":9.074,"quantity":0.7,"timestamp":1772552653499},{"is_buyer_maker":true,"price":9.074,"quantity":0.9,"timestamp":1772552653499},{"is_buyer_maker":true,"price":9.074,"quantity":1.2,"timestamp":1772552653499},{"is_buyer_maker":true,"price":9.074,"quantity":0.7,"timestamp":1772552653499},{"is_buyer_maker":true,"price":9.074,"quantity":0.9,"timestamp":1772552653499},{"is_buyer_maker":true,"price":9.074,"quantity":1.2,"timestamp":1772552653499},{"is_buyer_maker":true,"price":9.074,"quantity":0.7,"timestamp":1772552653499},{"is_buyer_maker":true,"price":9.074,"quantity":0.9,"timestamp":1772552653499},{"is_buyer_maker":true,"price":9.074,"quantity":1.2,"timestamp":1772552653499},{"is_buyer_maker":true,"price":9.074,"quantity":0.7,"timestamp":1772552653499},{"is_buyer_maker":true,"price":9.074,"quantity":0.9,"timestamp":1772552653499},{"is_buyer_maker":true,"price":9.074,"quantity":1.2,"timestamp":1772552653499},{"is_buyer_maker":true,"price":9.074,"quantity":0.7,"timestamp":1772552653499},{"is_buyer_maker":true,"price":9.074,"quantity":0.9,"timestamp":1772552653499},{"is_buyer_maker":true,"price":9.074,"quantity":1.2,"timestamp":1772552653499},{"is_buyer_maker":true,"price":9.074,"quantity":0.7,"timestamp":1772552653499},{"is_buyer_maker":true,"price":9.074,"quantity":0.9,"timestamp":1772552653499},{"is_buyer_maker":true,"price":9.074,"quantity":1.2,"timestamp":1772552653499},{"is_buyer_maker":true,"price":9.074,"quantity":0.7,"timestamp":1772552653499},{"is_buyer_maker":true,"price":9.074,"quantity":0.9,"timestamp":1772552653499},{"is_buyer_maker":true,"price":9.074,"quantity":1.2,"timestamp":1772552653499},{"is_buyer_maker":true,"price":9.074,"quantity":0.7,"timestamp":1772552653499},{"is_buyer_maker":true,"price":9.074,"quantity":0.9,"timestamp":1772552653499},{"is_buyer_maker":true,"price":9.074,"quantity":1.2,"timestamp":1772552653499},{"is_buyer_maker":true,"price":9.074,"quantity":0.7,"timestamp":1772552653499},{"is_buyer_maker":true,"price":9.074,"quantity":0.9,"timestamp":1772552653499},{"is_buyer_maker":true,"price":9.074,"quantity":1.2,"timestamp":1772552653499},{"is_buyer_maker":true,"price":9.074,"quantity":0.7,"timestamp":1772552653499},{"is_buyer_maker":true,"price":9.074,"quantity":0.9,"timestamp":1772552653499},{"is_buyer_maker":true,"price":9.074,"quantity":1.2,"timestamp":1772552653499},{"is_buyer_maker":true,"price":9.074,"quantity":0.7,"timestamp":1772552653499},{"is_buyer_maker":true,"price":9.074,"quantity":0.9,"timestamp":1772552653499},{"is_buyer_maker":true,"price":9.074,"quantity":1.2,"timestamp":1772552653499},{"is_buyer_maker":true,"price":9.074,"quantity":0.7,"timestamp":1772552653499},{"is_buyer_maker":true,"price":9.074,"quantity":0.9,"timestamp":1772552653499},{"is_buyer_maker":true,"price":9.074,"quantity":1.2,"timestamp":1772552653499},{"is_buyer_maker":true,"price":9.074,"quantity":0.7,"timestamp":1772552653499},{"is_buyer_maker":true,"price":9.074,"quantity":0.9,"timestamp":1772552653499},{"is_buyer_maker":true,"price":9.074,"quantity":1.2,"timestamp":1772552653499},{"is_buyer_maker":true,"price":9.074,"quantity":0.7,"timestamp":1772552653499},{"is_buyer_maker":true,"price":9.074,"quantity":0.9,"timestamp":1772552653499},{"is_buyer_maker":true,"price":9.074,"quantity":1.2,"timestamp":1772552653499},{"is_buyer_maker":true,"price":9.074,"quantity":0.7,"timestamp":1772552653499},{"is_buyer_maker":true,"price":9.074,"quantity":0.9,"timestamp":1772552653499},{"is_buyer_maker":true,"price":9.074,"quantity":1.2,"timestamp":1772552653499},{"is_buyer_maker":true,"price":9.074,"quantity":0.7,"timestamp":1772552653499},{"is_buyer_maker":true,"price":9.074,"quantity":0.9,"timestamp":1772552653499},{"is_buyer_maker":true,"price":9.073,"quantity":1.1,"timestamp":1772552653504},{"is_buyer_maker":true,"price":9.073,"quantity":8.9,"timestamp":1772552653504},{"is_buyer_maker":true,"price":9.073,"quantity":0.7,"timestamp":1772552653504},{"is_buyer_maker":true,"price":9.073,"quantity":0.9,"timestamp":1772552653504},{"is_buyer_maker":true,"price":9.073,"quantity":200.0,"timestamp":1772552653504},{"is_buyer_maker":true,"price":9.073,"quantity":25.2,"timestamp":1772552653504},{"is_buyer_maker":true,"price":9.073,"quantity":1.1,"timestamp":1772552653504},{"is_buyer_maker":true,"price":9.073,"quantity":8.9,"timestamp":1772552653504},{"is_buyer_maker":true,"price":9.073,"quantity":0.7,"timestamp":1772552653504},{"is_buyer_maker":true,"price":9.073,"quantity":0.9,"timestamp":1772552653504},{"is_buyer_maker":true,"price":9.073,"quantity":200.0,"timestamp":1772552653504},{"is_buyer_maker":true,"price":9.073,"quantity":25.2,"timestamp":1772552653504},{"is_buyer_maker":true,"price":9.073,"quantity":1.1,"timestamp":1772552653504},{"is_buyer_maker":true,"price":9.073,"quantity":8.9,"timestamp":1772552653504},{"is_buyer_maker":true,"price":9.073,"quantity":0.7,"timestamp":1772552653504},{"is_buyer_maker":true,"price":9.073,"quantity":0.9,"timestamp":1772552653504},{"is_buyer_maker":true,"price":9.073,"quantity":200.0,"timestamp":1772552653504},{"is_buyer_maker":true,"price":9.073,"quantity":25.2,"timestamp":1772552653504},{"is_buyer_maker":true,"price":9.073,"quantity":1.1,"timestamp":1772552653504},{"is_buyer_maker":true,"price":9.073,"quantity":8.9,"timestamp":1772552653504},{"is_buyer_maker":true,"price":9.073,"quantity":0.7,"timestamp":1772552653504},{"is_buyer_maker":true,"price":9.073,"quantity":0.9,"timestamp":1772552653504},{"is_buyer_maker":true,"price":9.073,"quantity":200.0,"timestamp":1772552653504},{"is_buyer_maker":true,"price":9.073,"quantity":25.2,"timestamp":1772552653504},{"is_buyer_maker":true,"price":9.073,"quantity":1.1,"timestamp":1772552653504},{"is_buyer_maker":true,"price":9.073,"quantity":8.9,"timestamp":1772552653504},{"is_buyer_maker":true,"price":9.073,"quantity":0.7,"timestamp":1772552653504},{"is_buyer_maker":true,"price":9.073,"quantity":0.9,"timestamp":1772552653504},{"is_buyer_maker":true,"price":9.073,"quantity":200.0,"timestamp":1772552653504},{"is_buyer_maker":true,"price":9.073,"quantity":25.2,"timestamp":1772552653504},{"is_buyer_maker":true,"price":9.073,"quantity":1.1,"timestamp":1772552653504},{"is_buyer_maker":true,"price":9.073,"quantity":8.9,"timestamp":1772552653504},{"is_buyer_maker":true,"price":9.073,"quantity":0.7,"timestamp":1772552653504},{"is_buyer_maker":true,"price":9.073,"quantity":0.9,"timestamp":1772552653504},{"is_buyer_maker":true,"price":9.073,"quantity":200.0,"timestamp":1772552653504},{"is_buyer_maker":true,"price":9.073,"quantity":25.2,"timestamp":1772552653504},{"is_buyer_maker":true,"price":9.073,"quantity":1.1,"timestamp":1772552653504},{"is_buyer_maker":true,"price":9.073,"quantity":8.9,"timestamp":1772552653504},{"is_buyer_maker":true,"price":9.073,"quantity":0.7,"timestamp":1772552653504},{"is_buyer_maker":true,"price":9.073,"quantity":0.9,"timestamp":1772552653504},{"is_buyer_maker":true,"price":9.073,"quantity":200.0,"timestamp":1772552653504},{"is_buyer_maker":true,"price":9.073,"quantity":25.2,"timestamp":1772552653504},{"is_buyer_maker":true,"price":9.073,"quantity":1.1,"timestamp":1772552653504},{"is_buyer_maker":true,"price":9.073,"quantity":8.9,"timestamp":1772552653504},{"is_buyer_maker":true,"price":9.073,"quantity":0.7,"timestamp":1772552653504},{"is_buyer_maker":true,"price":9.073,"quantity":0.9,"timestamp":1772552653504},{"is_buyer_maker":true,"price":9.073,"quantity":200.0,"timestamp":1772552653504},{"is_buyer_maker":true,"price":9.073,"quantity":25.2,"timestamp":1772552653504},{"is_buyer_maker":true,"price":9.073,"quantity":1.1,"timestamp":1772552653504},{"is_buyer_maker":true,"price":9.073,"quantity":8.9,"timestamp":1772552653504},{"is_buyer_maker":true,"price":9.073,"quantity":0.7,"timestamp":1772552653504},{"is_buyer_maker":true,"price":9.073,"quantity":0.9,"timestamp":1772552653504},{"is_buyer_maker":true,"price":9.073,"quantity":200.0,"timestamp":1772552653504},{"is_buyer_maker":true,"price":9.073,"quantity":25.2,"timestamp":1772552653504},{"is_buyer_maker":true,"price":9.073,"quantity":1.1,"timestamp":1772552653504},{"is_buyer_maker":true,"price":9.073,"quantity":8.9,"timestamp":1772552653504},{"is_buyer_maker":true,"price":9.073,"quantity":0.7,"timestamp":1772552653504},{"is_buyer_maker":true,"price":9.073,"quantity":0.9,"timestamp":1772552653504},{"is_buyer_maker":true,"price":9.073,"quantity":200.0,"timestamp":1772552653504},{"is_buyer_maker":true,"price":9.073,"quantity":25.2,"timestamp":1772552653504},{"is_buyer_maker":true,"price":9.073,"quantity":1.1,"timestamp":1772552653504},{"is_buyer_maker":true,"price":9.073,"quantity":8.9,"timestamp":1772552653504},{"is_buyer_maker":true,"price":9.073,"quantity":0.7,"timestamp":1772552653504},{"is_buyer_maker":true,"price":9.073,"quantity":0.9,"timestamp":1772552653504},{"is_buyer_maker":true,"price":9.073,"quantity":200.0,"timestamp":1772552653504},{"is_buyer_maker":true,"price":9.073,"quantity":25.2,"timestamp":1772552653504},{"is_buyer_maker":true,"price":9.073,"quantity":1.1,"timestamp":1772552653504},{"is_buyer_maker":true,"price":9.073,"quantity":8.9,"timestamp":1772552653504},{"is_buyer_maker":true,"price":9.073,"quantity":0.7,"timestamp":1772552653504},{"is_buyer_maker":true,"price":9.073,"quantity":0.9,"timestamp":1772552653504},{"is_buyer_maker":true,"price":9.073,"quantity":200.0,"timestamp":1772552653504},{"is_buyer_maker":true,"price":9.073,"quantity":25.2,"timestamp":1772552653504},{"is_buyer_maker":true,"price":9.073,"quantity":1.1,"timestamp":1772552653504},{"is_buyer_maker":true,"price":9.073,"quantity":8.9,"timestamp":1772552653504},{"is_buyer_maker":true,"price":9.073,"quantity":0.7,"timestamp":1772552653504},{"is_buyer_maker":true,"price":9.073,"quantity":0.9,"timestamp":1772552653504},{"is_buyer_maker":true,"price":9.073,"quantity":200.0,"timestamp":1772552653504},{"is_buyer_maker":true,"price":9.073,"quantity":25.2,"timestamp":1772552653504},{"is_buyer_maker":true,"price":9.073,"quantity":1.1,"timestamp":1772552653504},{"is_buyer_maker":true,"price":9.073,"quantity":8.9,"timestamp":1772552653504},{"is_buyer_maker":true,"price":9.073,"quantity":0.7,"timestamp":1772552653504},{"is_buyer_maker":true,"price":9.073,"quantity":0.9,"timestamp":1772552653504},{"is_buyer_maker":true,"price":9.073,"quantity":200.0,"timestamp":1772552653504},{"is_buyer_maker":true,"price":9.073,"quantity":25.2,"timestamp":1772552653504},{"is_buyer_maker":true,"price":9.073,"quantity":1.1,"timestamp":1772552653504},{"is_buyer_maker":true,"price":9.073,"quantity":8.9,"timestamp":1772552653504},{"is_buyer_maker":true,"price":9.073,"quantity":0.7,"timestamp":1772552653504},{"is_buyer_maker":true,"price":9.073,"quantity":0.9,"timestamp":1772552653504},{"is_buyer_maker":true,"price":9.073,"quantity":200.0,"timestamp":1772552653504},{"is_buyer_maker":true,"price":9.073,"quantity":25.2,"timestamp":1772552653504},{"is_buyer_maker":true,"price":9.073,"quantity":1.1,"timestamp":1772552653504},{"is_buyer_maker":true,"price":9.073,"quantity":8.9,"timestamp":1772552653504},{"is_buyer_maker":true,"price":9.073,"quantity":0.7,"timestamp":1772552653504},{"is_buyer_maker":true,"price":9.073,"quantity":0.9,"timestamp":1772552653504},{"is_buyer_maker":true,"price":9.073,"quantity":200.0,"timestamp":1772552653504},{"is_buyer_maker":true,"price":9.073,"quantity":25.2,"timestamp":1772552653504},{"is_buyer_maker":true,"price":9.073,"quantity":1.1,"timestamp":1772552653504},{"is_buyer_maker":true,"price":9.073,"quantity":8.9,"timestamp":1772552653504},{"is_buyer_maker":true,"price":9.073,"quantity":0.7,"timestamp":1772552653504},{"is_buyer_maker":true,"price":9.073,"quantity":0.9,"timestamp":1772552653504},{"is_buyer_maker":true,"price":9.073,"quantity":200.0,"timestamp":1772552653504},{"is_buyer_maker":true,"price":9.073,"quantity":25.2,"timestamp":1772552653504},{"is_buyer_maker":true,"price":9.073,"quantity":1.1,"timestamp":1772552653504},{"is_buyer_maker":true,"price":9.073,"quantity":8.9,"timestamp":1772552653504},{"is_buyer_maker":true,"price":9.073,"quantity":0.7,"timestamp":1772552653504},{"is_buyer_maker":true,"price":9.073,"quantity":0.9,"timestamp":1772552653504},{"is_buyer_maker":true,"price":9.073,"quantity":200.0,"timestamp":1772552653504},{"is_buyer_maker":true,"price":9.073,"quantity":25.2,"timestamp":1772552653504},{"is_buyer_maker":true,"price":9.073,"quantity":1.1,"timestamp":1772552653504},{"is_buyer_maker":true,"price":9.073,"quantity":8.9,"timestamp":1772552653504},{"is_buyer_maker":true,"price":9.073,"quantity":0.7,"timestamp":1772552653504},{"is_buyer_maker":true,"price":9.073,"quantity":0.9,"timestamp":1772552653504},{"is_buyer_maker":true,"price":9.073,"quantity":200.0,"timestamp":1772552653504},{"is_buyer_maker":true,"price":9.073,"quantity":25.2,"timestamp":1772552653504},{"is_buyer_maker":true,"price":9.073,"quantity":61.7,"timestamp":1772552653505},{"is_buyer_maker":true,"price":9.073,"quantity":43.4,"timestamp":1772552653505},{"is_buyer_maker":true,"price":9.073,"quantity":27.0,"timestamp":1772552653505},{"is_buyer_maker":true,"price":9.073,"quantity":295.3,"timestamp":1772552653505},{"is_buyer_maker":true,"price":9.073,"quantity":25.9,"timestamp":1772552653505},{"is_buyer_maker":true,"price":9.073,"quantity":61.7,"timestamp":1772552653505},{"is_buyer_maker":true,"price":9.073,"quantity":43.4,"timestamp":1772552653505},{"is_buyer_maker":true,"price":9.073,"quantity":27.0,"timestamp":1772552653505},{"is_buyer_maker":true,"price":9.073,"quantity":295.3,"timestamp":1772552653505},{"is_buyer_maker":true,"price":9.073,"quantity":25.9,"timestamp":1772552653505},{"is_buyer_maker":true,"price":9.073,"quantity":61.7,"timestamp":1772552653505},{"is_buyer_maker":true,"price":9.073,"quantity":43.4,"timestamp":1772552653505},{"is_buyer_maker":true,"price":9.073,"quantity":27.0,"timestamp":1772552653505},{"is_buyer_maker":true,"price":9.073,"quantity":295.3,"timestamp":1772552653505},{"is_buyer_maker":true,"price":9.073,"quantity":25.9,"timestamp":1772552653505},{"is_buyer_maker":true,"price":9.073,"quantity":61.7,"timestamp":1772552653505},{"is_buyer_maker":true,"price":9.073,"quantity":43.4,"timestamp":1772552653505},{"is_buyer_maker":true,"price":9.073,"quantity":27.0,"timestamp":1772552653505},{"is_buyer_maker":true,"price":9.073,"quantity":295.3,"timestamp":1772552653505},{"is_buyer_maker":true,"price":9.073,"quantity":25.9,"timestamp":1772552653505},{"is_buyer_maker":true,"price":9.073,"quantity":61.7,"timestamp":1772552653505},{"is_buyer_maker":true,"price":9.073,"quantity":43.4,"timestamp":1772552653505},{"is_buyer_maker":true,"price":9.073,"quantity":27.0,"timestamp":1772552653505},{"is_buyer_maker":true,"price":9.073,"quantity":295.3,"timestamp":1772552653505},{"is_buyer_maker":true,"price":9.073,"quantity":25.9,"timestamp":1772552653505},{"is_buyer_maker":true,"price":9.073,"quantity":61.7,"timestamp":1772552653505},{"is_buyer_maker":true,"price":9.073,"quantity":43.4,"timestamp":1772552653505},{"is_buyer_maker":true,"price":9.073,"quantity":27.0,"timestamp":1772552653505},{"is_buyer_maker":true,"price":9.073,"quantity":295.3,"timestamp":1772552653505},{"is_buyer_maker":true,"price":9.073,"quantity":25.9,"timestamp":1772552653505},{"is_buyer_maker":true,"price":9.073,"quantity":61.7,"timestamp":1772552653505},{"is_buyer_maker":true,"price":9.073,"quantity":43.4,"timestamp":1772552653505},{"is_buyer_maker":true,"price":9.073,"quantity":27.0,"timestamp":1772552653505},{"is_buyer_maker":true,"price":9.073,"quantity":295.3,"timestamp":1772552653505},{"is_buyer_maker":true,"price":9.073,"quantity":25.9,"timestamp":1772552653505},{"is_buyer_maker":true,"price":9.073,"quantity":61.7,"timestamp":1772552653505},{"is_buyer_maker":true,"price":9.073,"quantity":43.4,"timestamp":1772552653505},{"is_buyer_maker":true,"price":9.073,"quantity":27.0,"timestamp":1772552653505},{"is_buyer_maker":true,"price":9.073,"quantity":295.3,"timestamp":1772552653505},{"is_buyer_maker":true,"price":9.073,"quantity":25.9,"timestamp":1772552653505},{"is_buyer_maker":true,"price":9.073,"quantity":61.7,"timestamp":1772552653505},{"is_buyer_maker":true,"price":9.073,"quantity":43.4,"timestamp":1772552653505},{"is_buyer_maker":true,"price":9.073,"quantity":27.0,"timestamp":1772552653505},{"is_buyer_maker":true,"price":9.073,"quantity":295.3,"timestamp":1772552653505},{"is_buyer_maker":true,"price":9.073,"quantity":25.9,"timestamp":1772552653505},{"is_buyer_maker":true,"price":9.073,"quantity":61.7,"timestamp":1772552653505},{"is_buyer_maker":true,"price":9.073,"quantity":43.4,"timestamp":1772552653505},{"is_buyer_maker":true,"price":9.073,"quantity":27.0,"timestamp":1772552653505},{"is_buyer_maker":true,"price":9.073,"quantity":295.3,"timestamp":1772552653505},{"is_buyer_maker":true,"price":9.073,"quantity":25.9,"timestamp":1772552653505},{"is_buyer_maker":true,"price":9.073,"quantity":61.7,"timestamp":1772552653505},{"is_buyer_maker":true,"price":9.073,"quantity":43.4,"timestamp":1772552653505},{"is_buyer_maker":true,"price":9.073,"quantity":27.0,"timestamp":1772552653505}