{"exchange":"bybit","symbol":"ADAUSDT","last_updated":1772553234754,"trades":[{"is_buyer_maker":true,"price":0.2643,"quantity":36.0,"timestamp":1772552638723},{"is_buyer_maker":true,"price":0.2643,"quantity":5.0,"timestamp":1772552638723},{"is_buyer_maker":true,"price":0.2643,"quantity":36.0,"timestamp":1772552638723},{"is_buyer_maker":true,"price":0.2643,"quantity":5.0,"timestamp":1772552638723},{"is_buyer_maker":true,"price":0.2643,"quantity":36.0,"timestamp":1772552638723},{"is_buyer_maker":true,"price":0.2643,"quantity":5.0,"timestamp":1772552638723},{"is_buyer_maker":true,"price":0.2643,"quantity":36.0,"timestamp":1772552638723},{"is_buyer_maker":true,"price":0.2643,"quantity":5.0,"timestamp":1772552638723},{"is_buyer_maker":true,"price":0.2643,"quantity":36.0,"timestamp":1772552638723},{"is_buyer_maker":true,"price":0.2643,"quantity":5.0,"timestamp":1772552638723},{"is_buyer_maker":true,"price":0.2643,"quantity":36.0,"timestamp":1772552638723},{"is_buyer_maker":true,"price":0.2643,"quantity":5.0,"timestamp":1772552638723},{"is_buyer_maker":true,"price":0.2643,"quantity":36.0,"timestamp":1772552638723},{"is_buyer_maker":true,"price":0.2643,"quantity":5.0,"timestamp":1772552638723},{"is_buyer_maker":true,"price":0.2643,"quantity":36.0,"timestamp":1772552638723},{"is_buyer_maker":true,"price":0.2643,"quantity":5.0,"timestamp":1772552638723},{"is_buyer_maker":true,"price":0.2643,"quantity":36.0,"timestamp":1772552638723},{"is_buyer_maker":true,"price":0.2643,"quantity":5.0,"timestamp":1772552638723},{"is_buyer_maker":true,"price":0.2643,"quantity":36.0,"timestamp":1772552638723},{"is_buyer_maker":true,"price":0.2643,"quantity":5.0,"timestamp":1772552638723},{"is_buyer_maker":true,"price":0.2643,"quantity":36.0,"timestamp":1772552638723},{"is_buyer_maker":true,"price":0.2643,"quantity":5.0,"timestamp":1772552638723},{"is_buyer_maker":true,"price":0.2643,"quantity":36.0,"timestamp":1772552638723},{"is_buyer_maker":true,"price":0.2643,"quantity":5.0,"timestamp":1772552638723},{"is_buyer_maker":true,"price":0.2643,"quantity":36.0,"timestamp":1772552638723},{"is_buyer_maker":true,"price":0.2643,"quantity":5.0,"timestamp":1772552638723},{"is_buyer_maker":true,"price":0.2643,"quantity":36.0,"timestamp":1772552638723},{"is_buyer_maker":true,"price":0.2643,"quantity":5.0,"timestamp":1772552638723},{"is_buyer_maker":true,"price":0.2643,"quantity":36.0,"timestamp":1772552638723},{"is_buyer_maker":true,"price":0.2643,"quantity":5.0,"timestamp":1772552638723},{"is_buyer_maker":true,"price":0.2643,"quantity":36.0,"timestamp":1772552638723},{"is_buyer_maker":true,"price":0.2643,"quantity":5.0,"timestamp":1772552638723},{"is_buyer_maker":true,"price":0.2643,"quantity":36.0,"timestamp":1772552638723},{"is_buyer_maker":true,"price":0.2643,"quantity":5.0,"timestamp":1772552638723},{"is_buyer_maker":true,"price":0.2643,"quantity":36.0,"timestamp":1772552638723},{"is_buyer_maker":true,"price":0.2643,"quantity":5.0,"timestamp":1772552638723},{"is_buyer_maker":true,"price":0.2643,"quantity":36.0,"timestamp":1772552638723},{"is_buyer_maker":true,"price":0.2643,"quantity":5.0,"timestamp":1772552638723},{"is_buyer_maker":true,"price":0.2643,"quantity":16.0,"timestamp":1772552638737},{"is_buyer_maker":true,"price":0.2643,"quantity":1.0,"timestamp":1772552638737},{"is_buyer_maker":true,"price":0.2643,"quantity":4.0,"timestamp":1772552638737},{"is_buyer_maker":true,"price":0.2643,"quantity":1.0,"timestamp":1772552638737},{"is_buyer_maker":true,"price":0.2643,"quantity":17.0,"timestamp":1772552638737},{"is_buyer_maker":true,"price":0.2643,"quantity":14.0,"timestamp":1772552638737},{"is_buyer_maker":true,"price":0.2643,"quantity":20.0,"timestamp":1772552638737},{"is_buyer_maker":true,"price":0.2643,"quantity":19.0,"timestamp":1772552638737},{"is_buyer_maker":true,"price":0.2643,"quantity":634.0,"timestamp":1772552638737},{"is_buyer_maker":true,"price":0.2643,"quantity":180.0,"timestamp":1772552638737},{"is_buyer_maker":true,"price":0.2643,"quantity":1400.0,"timestamp":1772552638737},{"is_buyer_maker":true,"price":0.2643,"quantity":20.0,"timestamp":1772552638737},{"is_buyer_maker":true,"price":0.2643,"quantity":19561.0,"timestamp":1772552638737},{"is_buyer_maker":true,"price":0.2643,"quantity":16.0,"timestamp":1772552638737},{"is_buyer_maker":true,"price":0.2643,"quantity":1.0,"timestamp":1772552638737},{"is_buyer_maker":true,"price":0.2643,"quantity":4.0,"timestamp":1772552638737},{"is_buyer_maker":true,"price":0.2643,"quantity":1.0,"timestamp":1772552638737},{"is_buyer_maker":true,"price":0.2643,"quantity":17.0,"timestamp":1772552638737},{"is_buyer_maker":true,"price":0.2643,"quantity":14.0,"timestamp":1772552638737},{"is_buyer_maker":true,"price":0.2643,"quantity":20.0,"timestamp":1772552638737},{"is_buyer_maker":true,"price":0.2643,"quantity":19.0,"timestamp":1772552638737},{"is_buyer_maker":true,"price":0.2643,"quantity":634.0,"timestamp":1772552638737},{"is_buyer_maker":true,"price":0.2643,"quantity":180.0,"timestamp":1772552638737},{"is_buyer_maker":true,"price":0.2643,"quantity":1400.0,"timestamp":1772552638737},{"is_buyer_maker":true,"price":0.2643,"quantity":20.0,"timestamp":1772552638737},{"is_buyer_maker":true,"price":0.2643,"quantity":19561.0,"timestamp":1772552638737},{"is_buyer_maker":true,"price":0.2643,"quantity":16.0,"timestamp":1772552638737},{"is_buyer_maker":true,"price":0.2643,"quantity":1.0,"timestamp":1772552638737},{"is_buyer_maker":true,"price":0.2643,"quantity":4.0,"timestamp":1772552638737},{"is_buyer_maker":true,"price":0.2643,"quantity":1.0,"timestamp":1772552638737},{"is_buyer_maker":true,"price":0.2643,"quantity":17.0,"timestamp":1772552638737},{"is_buyer_maker":true,"price":0.2643,"quantity":14.0,"timestamp":1772552638737},{"is_buyer_maker":true,"price":0.2643,"quantity":20.0,"timestamp":1772552638737},{"is_buyer_maker":true,"price":0.2643,"quantity":19.0,"timestamp":1772552638737},{"is_buyer_maker":true,"price":0.2643,"quantity":634.0,"timestamp":1772552638737},{"is_buyer_maker":true,"price":0.2643,"quantity":180.0,"timestamp":1772552638737},{"is_buyer_maker":true,"price":0.2643,"quantity":1400.0,"timestamp":1772552638737},{"is_buyer_maker":true,"price":0.2643,"quantity":20.0,"timestamp":1772552638737},{"is_buyer_maker":true,"price":0.2643,"quantity":19561.0,"timestamp":1772552638737},{"is_buyer_maker":true,"price":0.2643,"quantity":16.0,"timestamp":1772552638737},{"is_buyer_maker":true,"price":0.2643,"quantity":1.0,"timestamp":1772552638737},{"is_buyer_maker":true,"price":0.2643,"quantity":4.0,"timestamp":1772552638737},{"is_buyer_maker":true,"price":0.2643,"quantity":1.0,"timestamp":1772552638737},{"is_buyer_maker":true,"price":0.2643,"quantity":17.0,"timestamp":1772552638737},{"is_buyer_maker":true,"price":0.2643,"quantity":14.0,"timestamp":1772552638737},{"is_buyer_maker":true,"price":0.2643,"quantity":20.0,"timestamp":1772552638737},{"is_buyer_maker":true,"price":0.2643,"quantity":19.0,"timestamp":1772552638737},{"is_buyer_maker":true,"price":0.2643,"quantity":634.0,"timestamp":1772552638737},{"is_buyer_maker":true,"price":0.2643,"quantity":180.0,"timestamp":1772552638737},{"is_buyer_maker":true,"price":0.2643,"quantity":1400.0,"timestamp":1772552638737},{"is_buyer_maker":true,"price":0.2643,"quantity":20.0,"timestamp":1772552638737},{"is_buyer_maker":true,"price":0.2643,"quantity":19561.0,"timestamp":1772552638737},{"is_buyer_maker":true,"price":0.2643,"quantity":16.0,"timestamp":1772552638737},{"is_buyer_maker":true,"price":0.2643,"quantity":1.0,"timestamp":1772552638737},{"is_buyer_maker":true,"price":0.2643,"quantity":4.0,"timestamp":1772552638737},{"is_buyer_maker":true,"price":0.2643,"quantity":1.0,"timestamp":1772552638737},{"is_buyer_maker":true,"price":0.2643,"quantity":17.0,"timestamp":1772552638737},{"is_buyer_maker":true,"price":0.2643,"quantity":14.0,"timestamp":1772552638737},{"is_buyer_maker":true,"price":0.2643,"quantity":20.0,"timestamp":1772552638737},{"is_buyer_maker":true,"price":0.2643,"quantity":19.0,"timestamp":1772552638737},{"is_buyer_maker":true,"price":0.2643,"quantity":634.0,"timestamp":1772552638737},{"is_buyer_maker":true,"price":0.2643,"quantity":180.0,"timestamp":1772552638737},{"is_buyer_maker":true,"price":0.2643,"quantity":1400.0,"timestamp":1772552638737},{"is_buyer_maker":true,"price":0.2643,"quantity":20.0,"timestamp":1772552638737},{"is_buyer_maker":true,"price":0.2643,"quantity":19561.0,"timestamp":1772552638737},{"is_buyer_maker":true,"price":0.2643,"quantity":16.0,"timestamp":1772552638737},{"is_buyer_maker":true,"price":0.2643,"quantity":1.0,"timestamp":1772552638737},{"is_buyer_maker":true,"price":0.2643,"quantity":4.0,"timestamp":1772552638737},{"is_buyer_maker":true,"price":0.2643,"quantity":1.0,"timestamp":1772552638737},{"is_buyer_maker":true,"price":0.2643,"quantity":17.0,"timestamp":1772552638737},{"is_buyer_maker":true,"price":0.2643,"quantity":14.0,"timestamp":1772552638737},{"is_buyer_maker":true,"price":0.2643,"quantity":20.0,"timestamp":1772552638737},{"is_buyer_maker":true,"price":0.2643,"quantity":19.0,"timestamp":1772552638737},{"is_buyer_maker":true,"price":0.2643,"quantity":634.0,"timestamp":1772552638737},{"is_buyer_maker":true,"price":0.2643,"quantity":180.0,"timestamp":1772552638737},{"is_buyer_maker":true,"price":0.2643,"quantity":1400.0,"timestamp":1772552638737},{"is_buyer_maker":true,"price":0.2643,"quantity":20.0,"timestamp":1772552638737},{"is_buyer_maker":true,"price":0.2643,"quantity":19561.0,"timestamp":1772552638737},{"is_buyer_maker":true,"price":0.2643,"quantity":16.0,"timestamp":1772552638737},{"is_buyer_maker":true,"price":0.2643,"quantity":1.0,"timestamp":1772552638737},{"is_buyer_maker":true,"price":0.2643,"quantity":4.0,"timestamp":1772552638737},{"is_buyer_maker":true,"price":0.2643,"quantity":1.0,"timestamp":1772552638737},{"is_buyer_maker":true,"price":0.2643,"quantity":17.0,"timestamp":1772552638737},{"is_buyer_maker":true,"price":0.2643,"quantity":14.0,"timestamp":1772552638737},{"is_buyer_maker":true,"price":0.2643,"quantity":20.0,"timestamp":1772552638737},{"is_buyer_maker":true,"price":0.2643,"quantity":19.0,"timestamp":1772552638737},{"is_buyer_maker":true,"price":0.2643,"quantity":634.0,"timestamp":1772552638737},{"is_buyer_maker":true,"price":0.2643,"quantity":180.0,"timestamp":1772552638737},{"is_buyer_maker":true,"price":0.2643,"quantity":1400.0,"timestamp":1772552638737},{"is_buyer_maker":true,"price":0.2643,"quantity":20.0,"timestamp":1772552638737},{"is_buyer_maker":true,"price":0.2643,"quantity":19561.0,"timestamp":1772552638737},{"is_buyer_maker":true,"price":0.2643,"quantity":16.0,"timestamp":1772552638737},{"is_buyer_maker":true,"price":0.2643,"quantity":1.0,"timestamp":1772552638737},{"is_buyer_maker":true,"price":0.2643,"quantity":4.0,"timestamp":1772552638737},{"is_buyer_maker":true,"price":0.2643,"quantity":1.0,"timestamp":1772552638737},{"is_buyer_maker":true,"price":0.2643,"quantity":17.0,"timestamp":1772552638737},{"is_buyer_maker":true,"price":0.2643,"quantity":14.0,"timestamp":1772552638737},{"is_buyer_maker":true,"price":0.2643,"quantity":20.0,"timestamp":1772552638737},{"is_buyer_maker":true,"price":0.2643,"quantity":19.0,"timestamp":1772552638737},{"is_buyer_maker":true,"price":0.2643,"quantity":634.0,"timestamp":1772552638737},{"is_buyer_maker":true,"price":0.2643,"quantity":180.0,"timestamp":1772552638737},{"is_buyer_maker":true,"price":0.2643,"quantity":1400.0,"timestamp":1772552638737},{"is_buyer_maker":true,"price":0.2643,"quantity":20.0,"timestamp":1772552638737},{"is_buyer_maker":true,"price":0.2643,"quantity":19561.0,"timestamp":1772552638737},{"is_buyer_maker":true,"price":0.2643,"quantity":16.0,"timestamp":1772552638737},{"is_buyer_maker":true,"price":0.2643,"quantity":1.0,"timestamp":1772552638737},{"is_buyer_maker":true,"price":0.2643,"quantity":4.0,"timestamp":1772552638737},{"is_buyer_maker":true,"price":0.2643,"quantity":1.0,"timestamp":1772552638737},{"is_buyer_maker":true,"price":0.2643,"quantity":17.0,"timestamp":1772552638737},{"is_buyer_maker":true,"price":0.2643,"quantity":14.0,"timestamp":1772552638737},{"is_buyer_maker":true,"price":0.2643,"quantity":20.0,"timestamp":1772552638737},{"is_buyer_maker":true,"price":0.2643,"quantity":19.0,"timestamp":1772552638737},{"is_buyer_maker":true,"price":0.2643,"quantity":634.0,"timestamp":1772552638737},{"is_buyer_maker":true,"price":0.2643,"quantity":180.0,"timestamp":1772552638737},{"is_buyer_maker":true,"price":0.2643,"quantity":1400.0,"timestamp":1772552638737},{"is_buyer_maker":true,"price":0.2643,"quantity":20.0,"timestamp":1772552638737},{"is_buyer_maker":true,"price":0.2643,"quantity":19561.0,"timestamp":1772552638737},{"is_buyer_maker":true,"price":0.2643,"quantity":16.0,"timestamp":1772552638737},{"is_buyer_maker":true,"price":0.2643,"quantity":1.0,"timestamp":1772552638737},{"is_buyer_maker":true,"price":0.2643,"quantity":4.0,"timestamp":1772552638737},{"is_buyer_maker":true,"price":0.2643,"quantity":1.0,"timestamp":1772552638737},{"is_buyer_maker":true,"price":0.2643,"quantity":17.0,"timestamp":1772552638737},{"is_buyer_maker":true,"price":0.2643,"quantity":14.0,"timestamp":1772552638737},{"is_buyer_maker":true,"price":0.2643,"quantity":20.0,"timestamp":1772552638737},{"is_buyer_maker":true,"price":0.2643,"quantity":19.0,"timestamp":1772552638737},{"is_buyer_maker":true,"price":0.2643,"quantity":634.0,"timestamp":1772552638737},{"is_buyer_maker":true,"price":0.2643,"quantity":180.0,"timestamp":1772552638737},{"is_buyer_maker":true,"price":0.2643,"quantity":1400.0,"timestamp":1772552638737},{"is_buyer_maker":true,"price":0.2643,"quantity":20.0,"timestamp":1772552638737},{"is_buyer_maker":true,"price":0.2643,"quantity":19561.0,"timestamp":1772552638737},{"is_buyer_maker":true,"price":0.2643,"quantity":16.0,"timestamp":1772552638737},{"is_buyer_maker":true,"price":0.2643,"quantity":1.0,"timestamp":1772552638737},{"is_buyer_maker":true,"price":0.2643,"quantity":4.0,"timestamp":1772552638737},{"is_buyer_maker":true,"price":0.2643,"quantity":1.0,"timestamp":1772552638737},{"is_buyer_maker":true,"price":0.2643,"quantity":17.0,"timestamp":1772552638737},{"is_buyer_maker":true,"price":0.2643,"quantity":14.0,"timestamp":1772552638737},{"is_buyer_maker":true,"price":0.2643,"quantity":20.0,"timestamp":1772552638737},{"is_buyer_maker":true,"price":0.2643,"quantity":19.0,"timestamp":1772552638737},{"is_buyer_maker":true,"price":0.2643,"quantity":634.0,"timestamp":1772552638737},{"is_buyer_maker":true,"price":0.2643,"quantity":180.0,"timestamp":1772552638737},{"is_buyer_maker":true,"price":0.2643,"quantity":1400.0,"timestamp":1772552638737},{"is_buyer_maker":true,"price":0.2643,"quantity":20.0,"timestamp":1772552638737},{"is_buyer_maker":true,"price":0.2643,"quantity":19561.0,"timestamp":1772552638737},{"is_buyer_maker":true,"price":0.2643,"quantity":16.0,"timestamp":1772552638737},{"is_buyer_maker":true,"price":0.2643,"quantity":1.0,"timestamp":1772552638737},{"is_buyer_maker":true,"price":0.2643,"quantity":4.0,"timestamp":1772552638737},{"is_buyer_maker":true,"price":0.2643,"quantity":1.0,"timestamp":1772552638737},{"is_buyer_maker":true,"price":0.2643,"quantity":17.0,"timestamp":1772552638737},{"is_buyer_maker":true,"price":0.2643,"quantity":14.0,"timestamp":1772552638737},{"is_buyer_maker":true,"price":0.2643,"quantity":20.0,"timestamp":1772552638737},{"is_buyer_maker":true,"price":0.2643,"quantity":19.0,"timestamp":1772552638737},{"is_buyer_maker":true,"price":0.2643,"quantity":634.0,"timestamp":1772552638737},{"is_buyer_maker":true,"price":0.2643,"quantity":180.0,"timestamp":1772552638737},{"is_buyer_maker":true,"price":0.2643,"quantity":1400.0,"timestamp":1772552638737},{"is_buyer_maker":true,"price":0.2643,"quantity":20.0,"timestamp":1772552638737},{"is_buyer_maker":true,"price":0.2643,"quantity":19561.0,"timestamp":1772552638737},{"is_buyer_maker":true,"price":0.2643,"quantity":16.0,"timestamp":1772552638737},{"is_buyer_maker":true,"price":0.2643,"quantity":1.0,"timestamp":1772552638737},{"is_buyer_maker":true,"price":0.2643,"quantity":4.0,"timestamp":1772552638737},{"is_buyer_maker":true,"price":0.2643,"quantity":1.0,"timestamp":1772552638737},{"is_buyer_maker":true,"price":0.2643,"quantity":17.0,"timestamp":1772552638737},{"is_buyer_maker":true,"price":0.2643,"quantity":14.0,"timestamp":1772552638737},{"is_buyer_maker":true,"price":0.2643,"quantity":20.0,"timestamp":1772552638737},{"is_buyer_maker":true,"price":0.2643,"quantity":19.0,"timestamp":1772552638737},{"is_buyer_maker":true,"price":0.2643,"quantity":634.0,"timestamp":1772552638737},{"is_buyer_maker":true,"price":0.2643,"quantity":180.0,"timestamp":1772552638737},{"is_buyer_maker":true,"price":0.2643,"quantity":1400.0,"timestamp":1772552638737},{"is_buyer_maker":true,"price":0.2643,"quantity":20.0,"timestamp":1772552638737},{"is_buyer_maker":true,"price":0.2643,"quantity":19561.0,"timestamp":1772552638737},{"is_buyer_maker":true,"price":0.2643,"quantity":16.0,"timestamp":1772552638737},{"is_buyer_maker":true,"price":0.2643,"quantity":1.0,"timestamp":1772552638737},{"is_buyer_maker":true,"price":0.2643,"quantity":4.0,"timestamp":1772552638737},{"is_buyer_maker":true,"price":0.2643,"quantity":1.0,"timestamp":1772552638737},{"is_buyer_maker":true,"price":0.2643,"quantity":17.0,"timestamp":1772552638737},{"is_buyer_maker":true,"price":0.2643,"quantity":14.0,"timestamp":1772552638737},{"is_buyer_maker":true,"price":0.2643,"quantity":20.0,"timestamp":1772552638737},{"is_buyer_maker":true,"price":0.2643,"quantity":19.0,"timestamp":1772552638737},{"is_buyer_maker":true,"price":0.2643,"quantity":634.0,"timestamp":1772552638737},{"is_buyer_maker":true,"price":0.2643,"quantity":180.0,"timestamp":1772552638737},{"is_buyer_maker":true,"price":0.2643,"quantity":1400.0,"timestamp":1772552638737},{"is_buyer_maker":true,"price":0.2643,"quantity":20.0,"timestamp":1772552638737},{"is_buyer_maker":true,"price":0.2643,"quantity":19561.0,"timestamp":1772552638737},{"is_buyer_maker":true,"price":0.2643,"quantity":16.0,"timestamp":1772552638737},{"is_buyer_maker":true,"price":0.2643,"quantity":1.0,"timestamp":1772552638737},{"is_buyer_maker":true,"price":0.2643,"quantity":4.0,"timestamp":1772552638737},{"is_buyer_maker":true,"price":0.2643,"quantity":1.0,"timestamp":1772552638737},{"is_buyer_maker":true,"price":0.2643,"quantity":17.0,"timestamp":1772552638737},{"is_buyer_maker":true,"price":0.2643,"quantity":14.0,"timestamp":1772552638737},{"is_buyer_maker":true,"price":0.2643,"quantity":20.0,"timestamp":1772552638737},{"is_buyer_maker":true,"price":0.2643,"quantity":19.0,"timestamp":1772552638737},{"is_buyer_maker":true,"price":0.2643,"quantity":634.0,"timestamp":1772552638737},{"is_buyer_maker":true,"price":0.2643,"quantity":180.0,"timestamp":1772552638737},{"is_buyer_maker":true,"price":0.2643,"quantity":1400.0,"timestamp":1772552638737},{"is_buyer_maker":true,"price":0.2643,"quantity":20.0,"timestamp":1772552638737},{"is_buyer_maker":true,"price":0.2643,"quantity":19561.0,"timestamp":1772552638737},{"is_buyer_maker":true,"price":0.2643,"quantity":16.0,"timestamp":1772552638737},{"is_buyer_maker":true,"price":0.2643,"quantity":1.0,"timestamp":1772552638737},{"is_buyer_maker":true,"price":0.2643,"quantity":4.0,"timestamp":1772552638737},{"is_buyer_maker":true,"price":0.2643,"quantity":1.0,"timestamp":1772552638737},{"is_buyer_maker":true,"price":0.2643,"quantity":17.0,"timestamp":1772552638737},{"is_buyer_maker":true,"price":0.2643,"quantity":14.0,"timestamp":1772552638737},{"is_buyer_maker":true,"price":0.2643,"quantity":20.0,"timestamp":1772552638737},{"is_buyer_maker":true,"price":0.2643,"quantity":19.0,"timestamp":1772552638737},{"is_buyer_maker":true,"price":0.2643,"quantity":634.0,"timestamp":1772552638737},{"is_buyer_maker":true,"price":0.2643,"quantity":180.0,"timestamp":1772552638737},{"is_buyer_maker":true,"price":0.2643,"quantity":1400.0,"timestamp":1772552638737},{"is_buyer_maker":true,"price":0.2643,"quantity":20.0,"timestamp":1772552638737},{"is_buyer_maker":true,"price":0.2643,"quantity":19561.0,"timestamp":1772552638737},{"is_buyer_maker":true,"price":0.2643,"quantity":16.0,"timestamp":1772552638737},{"is_buyer_maker":true,"price":0.2643,"quantity":1.0,"timestamp":1772552638737},{"is_buyer_maker":true,"price":0.2643,"quantity":4.0,"timestamp":1772552638737},{"is_buyer_maker":true,"price":0.2643,"quantity":1.0,"timestamp":1772552638737},{"is_buyer_maker":true,"price":0.2643,"quantity":17.0,"timestamp":1772552638737},{"is_buyer_maker":true,"price":0.2643,"quantity":14.0,"timestamp":1772552638737},{"is_buyer_maker":true,"price":0.2643,"quantity":20.0,"timestamp":1772552638737},{"is_buyer_maker":true,"price":0.2643,"quantity":19.0,"timestamp":1772552638737},{"is_buyer_maker":true,"price":0.2643,"quantity":634.0,"timestamp":1772552638737},{"is_buyer_maker":true,"price":0.2643,"quantity":180.0,"timestamp":1772552638737},{"is_buyer_maker":true,"price":0.2643,"quantity":1400.0,"timestamp":1772552638737},{"is_buyer_maker":true,"price":0.2643,"quantity":20.0,"timestamp":1772552638737},{"is_buyer_maker":true,"price":0.2643,"quantity":19561.0,"timestamp":1772552638737},{"is_buyer_maker":true,"price":0.2643,"quantity":16.0,"timestamp":1772552638737},{"is_buyer_maker":true,"price":0.2643,"quantity":1.0,"timestamp":1772552638737},{"is_buyer_maker":true,"price":0.2643,"quantity":4.0,"timestamp":1772552638737},{"is_buyer_maker":true,"price":0.2643,"quantity":1.0,"timestamp":1772552638737},{"is_buyer_maker":true,"price":0.2643,"quantity":17.0,"timestamp":1772552638737},{"is_buyer_maker":true,"price":0.2643,"quantity":14.0,"timestamp":1772552638737},{"is_buyer_maker":true,"price":0.2643,"quantity":20.0,"timestamp":1772552638737},{"is_buyer_maker":true,"price":0.2643,"quantity":19.0,"timestamp":1772552638737},{"is_buyer_maker":true,"price":0.2643,"quantity":634.0,"timestamp":1772552638737},{"is_buyer_maker":true,"price":0.2643,"quantity":180.0,"timestamp":1772552638737},{"is_buyer_maker":true,"price":0.2643,"quantity":1400.0,"timestamp":1772552638737},{"is_buyer_maker":true,"price":0.2643,"quantity":20.0,"timestamp":1772552638737},{"is_buyer_maker":true,"price":0.2643,"quantity":19561.0,"timestamp":1772552638737},{"is_buyer_maker":true,"price":0.2643,"quantity":16.0,"timestamp":1772552638737},{"is_buyer_maker":true,"price":0.2643,"quantity":1.0,"timestamp":1772552638737},{"is_buyer_maker":true,"price":0.2643,"quantity":4.0,"timestamp":1772552638737},{"is_buyer_maker":true,"price":0.2643,"quantity":1.0,"timestamp":1772552638737},{"is_buyer_maker":true,"price":0.2643,"quantity":17.0,"timestamp":1772552638737},{"is_buyer_maker":true,"price":0.2643,"quantity":14.0,"timestamp":1772552638737},{"is_buyer_maker":true,"price":0.2643,"quantity":20.0,"timestamp":1772552638737},{"is_buyer_maker":true,"price":0.2643,"quantity":19.0,"timestamp":1772552638737},{"is_buyer_maker":true,"price":0.2643,"quantity":634.0,"timestamp":1772552638737},{"is_buyer_maker":true,"price":0.2643,"quantity":180.0,"timestamp":1772552638737},{"is_buyer_maker":true,"price":0.2643,"quantity":1400.0,"timestamp":1772552638737},{"is_buyer_maker":true,"price":0.2643,"quantity":20.0,"timestamp":1772552638737},{"is_buyer_maker":true,"price":0.2643,"quantity":19561.0,"timestamp":1772552638737},{"is_buyer_maker":true,"price":0.2643,"quantity":719.0,"timestamp":1772552638969},{"is_buyer_maker":true,"price":0.2643,"quantity":20.0,"timestamp":1772552640652},{"is_buyer_maker":true,"price":0.2643,"quantity":21.0,"timestamp":1772552640652},{"is_buyer_maker":true,"price":0.2643,"quantity":82.0,"timestamp":1772552640652},{"is_buyer_maker":true,"price":0.2643,"quantity":12.0,"timestamp":1772552640652},{"is_buyer_maker":true,"price":0.2643,"quantity":2054.0,"timestamp":1772552640652},{"is_buyer_maker":true,"price":0.2643,"quantity":23283.0,"timestamp":1772552640652},{"is_buyer_maker":true,"price":0.2643,"quantity":7013.0,"timestamp":1772552640652},{"is_buyer_maker":true,"price":0.2643,"quantity":20.0,"timestamp":1772552640652},{"is_buyer_maker":true,"price":0.2643,"quantity":21.0,"timestamp":1772552640652},{"is_buyer_maker":true,"price":0.2643,"quantity":82.0,"timestamp":1772552640652},{"is_buyer_maker":true,"price":0.2643,"quantity":12.0,"timestamp":1772552640652},{"is_buyer_maker":true,"price":0.2643,"quantity":2054.0,"timestamp":1772552640652},{"is_buyer_maker":true,"price":0.2643,"quantity":23283.0,"timestamp":1772552640652},{"is_buyer_maker":true,"price":0.2643,"quantity":7013.0,"timestamp":1772552640652},{"is_buyer_maker":true,"price":0.2643,"quantity":20.0,"timestamp":1772552640652},{"is_buyer_maker":true,"price":0.2643,"quantity":21.0,"timestamp":1772552640652},{"is_buyer_maker":true,"price":0.2643,"quantity":82.0,"timestamp":1772552640652},{"is_buyer_maker":true,"price":0.2643,"quantity":12.0,"timestamp":1772552640652},{"is_buyer_maker":true,"price":0.2643,"quantity":2054.0,"timestamp":1772552640652},{"is_buyer_maker":true,"price":0.2643,"quantity":23283.0,"timestamp":1772552640652},{"is_buyer_maker":true,"price":0.2643,"quantity":7013.0,"timestamp":1772552640652},{"is_buyer_maker":true,"price":0.2643,"quantity":20.0,"timestamp":1772552640652},{"is_buyer_maker":true,"price":0.2643,"quantity":21.0,"timestamp":1772552640652},{"is_buyer_maker":true,"price":0.2643,"quantity":82.0,"timestamp":1772552640652},{"is_buyer_maker":true,"price":0.2643,"quantity":12.0,"timestamp":1772552640652},{"is_buyer_maker":true,"price":0.2643,"quantity":2054.0,"timestamp":1772552640652},{"is_buyer_maker":true,"price":0.2643,"quantity":23283.0,"timestamp":1772552640652},{"is_buyer_maker":true,"price":0.2643,"quantity":7013.0,"timestamp":1772552640652},{"is_buyer_maker":true,"price":0.2643,"quantity":20.0,"timestamp":1772552640652},{"is_buyer_maker":true,"price":0.2643,"quantity":21.0,"timestamp":1772552640652},{"is_buyer_maker":true,"price":0.2643,"quantity":82.0,"timestamp":1772552640652},{"is_buyer_maker":true,"price":0.2643,"quantity":12.0,"timestamp":1772552640652},{"is_buyer_maker":true,"price":0.2643,"quantity":2054.0,"timestamp":1772552640652},{"is_buyer_maker":true,"price":0.2643,"quantity":23283.0,"timestamp":1772552640652},{"is_buyer_maker":true,"price":0.2643,"quantity":7013.0,"timestamp":1772552640652},{"is_buyer_maker":true,"price":0.2643,"quantity":20.0,"timestamp":1772552640652},{"is_buyer_maker":true,"price":0.2643,"quantity":21.0,"timestamp":1772552640652},{"is_buyer_maker":true,"price":0.2643,"quantity":82.0,"timestamp":1772552640652},{"is_buyer_maker":true,"price":0.2643,"quantity":12.0,"timestamp":1772552640652},{"is_buyer_maker":true,"price":0.2643,"quantity":2054.0,"timestamp":1772552640652},{"is_buyer_maker":true,"price":0.2643,"quantity":23283.0,"timestamp":1772552640652},{"is_buyer_maker":true,"price":0.2643,"quantity":7013.0,"timestamp":1772552640652},{"is_buyer_maker":true,"price":0.2643,"quantity":20.0,"timestamp":1772552640652},{"is_buyer_maker":true,"price":0.2643,"quantity":21.0,"timestamp":1772552640652},{"is_buyer_maker":true,"price":0.2643,"quantity":82.0,"timestamp":1772552640652},{"is_buyer_maker":true,"price":0.2643,"quantity":12.0,"timestamp":1772552640652},{"is_buyer_maker":true,"price":0.2643,"quantity":2054.0,"timestamp":1772552640652},{"is_buyer_maker":true,"price":0.2643,"quantity":23283.0,"timestamp":1772552640652},{"is_buyer_maker":true,"price":0.2643,"quantity":7013.0,"timestamp":1772552640652},{"is_buyer_maker":true,"price":0.2643,"quantity":20.0,"timestamp":1772552640652},{"is_buyer_maker":true,"price":0.2643,"quantity":21.0,"timestamp":1772552640652},{"is_buyer_maker":true,"price":0.2643,"quantity":82.0,"timestamp":1772552640652},{"is_buyer_maker":true,"price":0.2643,"quantity":12.0,"timestamp":1772552640652},{"is_buyer_maker":true,"price":0.2643,"quantity":2054.0,"timestamp":1772552640652},{"is_buyer_maker":true,"price":0.2643,"quantity":23283.0,"timestamp":1772552640652},{"is_buyer_maker":true,"price":0.2643,"quantity":7013.0,"timestamp":1772552640652},{"is_buyer_maker":true,"price":0.2643,"quantity":20.0,"timestamp":1772552640652},{"is_buyer_maker":true,"price":0.2643,"quantity":21.0,"timestamp":1772552640652},{"is_buyer_maker":true,"price":0.2643,"quantity":82.0,"timestamp":1772552640652},{"is_buyer_maker":true,"price":0.2643,"quantity":12.0,"timestamp":1772552640652},{"is_buyer_maker":true,"price":0.2643,"quantity":2054.0,"timestamp":1772552640652},{"is_buyer_maker":true,"price":0.2643,"quantity":23283.0,"timestamp":1772552640652},{"is_buyer_maker":true,"price":0.2643,"quantity":7013.0,"timestamp":1772552640652},{"is_buyer_maker":true,"price":0.2643,"quantity":20.0,"timestamp":1772552640652},{"is_buyer_maker":true,"price":0.2643,"quantity":21.0,"timestamp":1772552640652},{"is_buyer_maker":true,"price":0.2643,"quantity":82.0,"timestamp":1772552640652},{"is_buyer_maker":true,"price":0.2643,"quantity":12.0,"timestamp":1772552640652},{"is_buyer_maker":true,"price":0.2643,"quantity":2054.0,"timestamp":1772552640652},{"is_buyer_maker":true,"price":0.2643,"quantity":23283.0,"timestamp":1772552640652},{"is_buyer_maker":true,"price":0.2643,"quantity":7013.0,"timestamp":1772552640652},{"is_buyer_maker":true,"price":0.2643,"quantity":20.0,"timestamp":1772552640652},{"is_buyer_maker":true,"price":0.2643,"quantity":21.0,"timestamp":1772552640652},{"is_buyer_maker":true,"price":0.2643,"quantity":82.0,"timestamp":1772552640652},{"is_buyer_maker":true,"price":0.2643,"quantity":12.0,"timestamp":1772552640652},{"is_buyer_maker":true,"price":0.2643,"quantity":2054.0,"timestamp":1772552640652},{"is_buyer_maker":true,"price":0.2643,"quantity":23283.0,"timestamp":1772552640652},{"is_buyer_maker":true,"price":0.2643,"quantity":7013.0,"timestamp":1772552640652},{"is_buyer_maker":true,"price":0.2643,"quantity":20.0,"timestamp":1772552640652},{"is_buyer_maker":true,"price":0.2643,"quantity":21.0,"timestamp":1772552640652},{"is_buyer_maker":true,"price":0.2643,"quantity":82.0,"timestamp":1772552640652},{"is_buyer_maker":true,"price":0.2643,"quantity":12.0,"timestamp":1772552640652},{"is_buyer_maker":true,"price":0.2643,"quantity":2054.0,"timestamp":1772552640652},{"is_buyer_maker":true,"price":0.2643,"quantity":23283.0,"timestamp":1772552640652},{"is_buyer_maker":true,"price":0.2643,"quantity":7013.0,"timestamp":1772552640652},{"is_buyer_maker":true,"price":0.2643,"quantity":20.0,"timestamp":1772552640652},{"is_buyer_maker":true,"price":0.2643,"quantity":21.0,"timestamp":1772552640652},{"is_buyer_maker":true,"price":0.2643,"quantity":82.0,"timestamp":1772552640652},{"is_buyer_maker":true,"price":0.2643,"quantity":12.0,"timestamp":1772552640652},{"is_buyer_maker":true,"price":0.2643,"quantity":2054.0,"timestamp":1772552640652},{"is_buyer_maker":true,"price":0.2643,"quantity":23283.0,"timestamp":1772552640652},{"is_buyer_maker":true,"price":0.2643,"quantity":7013.0,"timestamp":1772552640652},{"is_buyer_maker":true,"price":0.2643,"quantity":20.0,"timestamp":1772552640652},{"is_buyer_maker":true,"price":0.2643,"quantity":21.0,"timestamp":1772552640652},{"is_buyer_maker":true,"price":0.2643,"quantity":82.0,"timestamp":1772552640652},{"is_buyer_maker":true,"price":0.2643,"quantity":12.0,"timestamp":1772552640652},{"is_buyer_maker":true,"price":0.2643,"quantity":2054.0,"timestamp":1772552640652},{"is_buyer_maker":true,"price":0.2643,"quantity":23283.0,"timestamp":1772552640652},{"is_buyer_maker":true,"price":0.2643,"quantity":7013.0,"timestamp":1772552640652},{"is_buyer_maker":true,"price":0.2643,"quantity":20.0,"timestamp":1772552640652},{"is_buyer_maker":true,"price":0.2643,"quantity":21.0,"timestamp":1772552640652},{"is_buyer_maker":true,"price":0.2643,"quantity":82.0,"timestamp":1772552640652},{"is_buyer_maker":true,"price":0.2643,"quantity":12.0,"timestamp":1772552640652},{"is_buyer_maker":true,"price":0.2643,"quantity":2054.0,"timestamp":1772552640652},{"is_buyer_maker":true,"price":0.2643,"quantity":23283.0,"timestamp":1772552640652},{"is_buyer_maker":true,"price":0.2643,"quantity":7013.0,"timestamp":1772552640652},{"is_buyer_maker":true,"price":0.2643,"quantity":20.0,"timestamp":1772552640652},{"is_buyer_maker":true,"price":0.2643,"quantity":21.0,"timestamp":1772552640652},{"is_buyer_maker":true,"price":0.2643,"quantity":82.0,"timestamp":1772552640652},{"is_buyer_maker":true,"price":0.2643,"quantity":12.0,"timestamp":1772552640652},{"is_buyer_maker":true,"price":0.2643,"quantity":2054.0,"timestamp":1772552640652},{"is_buyer_maker":true,"price":0.2643,"quantity":23283.0,"timestamp":1772552640652},{"is_buyer_maker":true,"price":0.2643,"quantity":7013.0,"timestamp":1772552640652},{"is_buyer_maker":true,"price":0.2643,"quantity":20.0,"timestamp":1772552640652},{"is_buyer_maker":true,"price":0.2643,"quantity":21.0,"timestamp":1772552640652},{"is_buyer_maker":true,"price":0.2643,"quantity":82.0,"timestamp":1772552640652},{"is_buyer_maker":true,"price":0.2643,"quantity":12.0,"timestamp":1772552640652},{"is_buyer_maker":true,"price":0.2643,"quantity":2054.0,"timestamp":1772552640652},{"is_buyer_maker":true,"price":0.2643,"quantity":23283.0,"timestamp":1772552640652},{"is_buyer_maker":true,"price":0.2643,"quantity":7013.0,"timestamp":1772552640652},{"is_buyer_maker":true,"price":0.2643,"quantity":20.0,"timestamp":1772552640652},{"is_buyer_maker":true,"price":0.2643,"quantity":21.0,"timestamp":1772552640652},{"is_buyer_maker":true,"price":0.2643,"quantity":82.0,"timestamp":1772552640652},{"is_buyer_maker":true,"price":0.2643,"quantity":12.0,"timestamp":1772552640652},{"is_buyer_maker":true,"price":0.2643,"quantity":2054.0,"timestamp":1772552640652},{"is_buyer_maker":true,"price":0.2643,"quantity":23283.0,"timestamp":1772552640652},{"is_buyer_maker":true,"price":0.2643,"quantity":7013.0,"timestamp":1772552640652},{"is_buyer_maker":true,"price":0.2643,"quantity":20.0,"timestamp":1772552640652},{"is_buyer_maker":true,"price":0.2643,"quantity":21.0,"timestamp":1772552640652},{"is_buyer_maker":true,"price":0.2643,"quantity":82.0,"timestamp":1772552640652},{"is_buyer_maker":true,"price":0.2643,"quantity":12.0,"timestamp":1772552640652},{"is_buyer_maker":true,"price":0.2643,"quantity":2054.0,"timestamp":1772552640652},{"is_buyer_maker":true,"price":0.2643,"quantity":23283.0,"timestamp":1772552640652},{"is_buyer_maker":true,"price":0.2643,"quantity":7013.0,"timestamp":1772552640652},{"is_buyer_maker":true,"price":0.2642,"quantity":36.0,"timestamp":1772552641113},{"is_buyer_maker":true,"price":0.2642,"quantity":22.0,"timestamp":1772552641113},{"is_buyer_maker":true,"price":0.2642,"quantity":21.0,"timestamp":1772552641113},{"is_buyer_maker":true,"price":0.2642,"quantity":217.0,"timestamp":1772552641113},{"is_buyer_maker":true,"price":0.2642,"quantity":36.0,"timestamp":1772552641113},{"is_buyer_maker":true,"price":0.2642,"quantity":22.0,"timestamp":1772552641113},{"is_buyer_maker":true,"price":0.2642,"quantity":21.0,"timestamp":1772552641113},{"is_buyer_maker":true,"price":0.2642,"quantity":217.0,"timestamp":1772552641113},{"is_buyer_maker":true,"price":0.2642,"quantity":36.0,"timestamp":1772552641113},{"is_buyer_maker":true,"price":0.2642,"quantity":22.0,"timestamp":1772552641113},{"is_buyer_maker":true,"price":0.2642,"quantity":21.0,"timestamp":1772552641113},{"is_buyer_maker":true,"price":0.2642,"quantity":217.0,"timestamp":1772552641113},{"is_buyer_maker":true,"price":0.2642,"quantity":36.0,"timestamp":1772552641113},{"is_buyer_maker":true,"price":0.2642,"quantity":22.0,"timestamp":1772552641113},{"is_buyer_maker":true,"price":0.2642,"quantity":21.0,"timestamp":1772552641113},{"is_buyer_maker":true,"price":0.2642,"quantity":217.0,"timestamp":1772552641113},{"is_buyer_maker":true,"price":0.2642,"quantity":36.0,"timestamp":1772552641113},{"is_buyer_maker":true,"price":0.2642,"quantity":22.0,"timestamp":1772552641113},{"is_buyer_maker":true,"price":0.2642,"quantity":21.0,"timestamp":1772552641113},{"is_buyer_maker":true,"price":0.2642,"quantity":217.0,"timestamp":1772552641113},{"is_buyer_maker":true,"price":0.2642,"quantity":36.0,"timestamp":1772552641113},{"is_buyer_maker":true,"price":0.2642,"quantity":22.0,"timestamp":1772552641113},{"is_buyer_maker":true,"price":0.2642,"quantity":21.0,"timestamp":1772552641113},{"is_buyer_maker":true,"price":0.2642,"quantity":217.0,"timestamp":1772552641113},{"is_buyer_maker":true,"price":0.2642,"quantity":36.0,"timestamp":1772552641113},{"is_buyer_maker":true,"price":0.2642,"quantity":22.0,"timestamp":1772552641113},{"is_buyer_maker":true,"price":0.2642,"quantity":21.0,"timestamp":1772552641113},{"is_buyer_maker":true,"price":0.2642,"quantity":217.0,"timestamp":1772552641113},{"is_buyer_maker":true,"price":0.2642,"quantity":36.0,"timestamp":1772552641113},{"is_buyer_maker":true,"price":0.2642,"quantity":22.0,"timestamp":1772552641113},{"is_buyer_maker":true,"price":0.2642,"quantity":21.0,"timestamp":1772552641113},{"is_buyer_maker":true,"price":0.2642,"quantity":217.0,"timestamp":1772552641113},{"is_buyer_maker":true,"price":0.2642,"quantity":36.0,"timestamp":1772552641113},{"is_buyer_maker":true,"price":0.2642,"quantity":22.0,"timestamp":1772552641113},{"is_buyer_maker":true,"price":0.2642,"quantity":21.0,"timestamp":1772552641113},{"is_buyer_maker":true,"price":0.2642,"quantity":217.0,"timestamp":1772552641113},{"is_buyer_maker":true,"price":0.2642,"quantity":36.0,"timestamp":1772552641113},{"is_buyer_maker":true,"price":0.2642,"quantity":22.0,"timestamp":1772552641113},{"is_buyer_maker":true,"price":0.2642,"quantity":21.0,"timestamp":1772552641113},{"is_buyer_maker":true,"price":0.2642,"quantity":217.0,"timestamp":1772552641113},{"is_buyer_maker":true,"price":0.2642,"quantity":36.0,"timestamp":1772552641113},{"is_buyer_maker":true,"price":0.2642,"quantity":22.0,"timestamp":1772552641113},{"is_buyer_maker":true,"price":0.2642,"quantity":21.0,"timestamp":1772552641113},{"is_buyer_maker":true,"price":0.2642,"quantity":217.0,"timestamp":1772552641113},{"is_buyer_maker":true,"price":0.2642,"quantity":36.0,"timestamp":1772552641113},{"is_buyer_maker":true,"price":0.2642,"quantity":22.0,"timestamp":1772552641113},{"is_buyer_maker":true,"price":0.2642,"quantity":21.0,"timestamp":1772552641113},{"is_buyer_maker":true,"price":0.2642,"quantity":217.0,"timestamp":1772552641113},{"is_buyer_maker":true,"price":0.2642,"quantity":36.0,"timestamp":1772552641113},{"is_buyer_maker":true,"price":0.2642,"quantity":22.0,"timestamp":1772552641113},{"is_buyer_maker":true,"price":0.2642,"quantity":21.0,"timestamp":1772552641113},{"is_buyer_maker":true,"price":0.2642,"quantity":217.0,"timestamp":1772552641113},{"is_buyer_maker":true,"price":0.2642,"quantity":36.0,"timestamp":1772552641113},{"is_buyer_maker":true,"price":0.2642,"quantity":22.0,"timestamp":1772552641113},{"is_buyer_maker":true,"price":0.2642,"quantity":21.0,"timestamp":1772552641113},{"is_buyer_maker":true,"price":0.2642,"quantity":217.0,"timestamp":1772552641113},{"is_buyer_maker":true,"price":0.2642,"quantity":36.0,"timestamp":1772552641113},{"is_buyer_maker":true,"price":0.2642,"quantity":22.0,"timestamp":1772552641113},{"is_buyer_maker":true,"price":0.2642,"quantity":21.0,"timestamp":1772552641113},{"is_buyer_maker":true,"price":0.2642,"quantity":217.0,"timestamp":1772552641113},{"is_buyer_maker":true,"price":0.2642,"quantity":36.0,"timestamp":1772552641113},{"is_buyer_maker":true,"price":0.2642,"quantity":22.0,"timestamp":1772552641113},{"is_buyer_maker":true,"price":0.2642,"quantity":21.0,"timestamp":1772552641113},{"is_buyer_maker":true,"price":0.2642,"quantity":217.0,"timestamp":1772552641113},{"is_buyer_maker":true,"price":0.2642,"quantity":36.0,"timestamp":1772552641113},{"is_buyer_maker":true,"price":0.2642,"quantity":22.0,"timestamp":1772552641113},{"is_buyer_maker":true,"price":0.2642,"quantity":21.0,"timestamp":1772552641113},{"is_buyer_maker":true,"price":0.2642,"quantity":217.0,"timestamp":1772552641113},{"is_buyer_maker":true,"price":0.2642,"quantity":36.0,"timestamp":1772552641113},{"is_buyer_maker":true,"price":0.2642,"quantity":22.0,"timestamp":1772552641113},{"is_buyer_maker":true,"price":0.2642,"quantity":21.0,"timestamp":1772552641113},{"is_buyer_maker":true,"price":0.2642,"quantity":217.0,"timestamp":1772552641113},{"is_buyer_maker":true,"price":0.2642,"quantity":36.0,"timestamp":1772552641113},{"is_buyer_maker":true,"price":0.2642,"quantity":22.0,"timestamp":1772552641113},{"is_buyer_maker":true,"price":0.2642,"quantity":21.0,"timestamp":1772552641113},{"is_buyer_maker":true,"price":0.2642,"quantity":217.0,"timestamp":1772552641113},{"is_buyer_maker":true,"price":0.2642,"quantity":3320.0,"timestamp":1772552641118},{"is_buyer_maker":true,"price":0.2642,"quantity":2.0,"timestamp":1772552641118},{"is_buyer_maker":true,"price":0.2642,"quantity":1.0,"timestamp":1772552641118},{"is_buyer_maker":true,"price":0.2642,"quantity":2.0,"timestamp":1772552641118},{"is_buyer_maker":true,"price":0.2642,"quantity":45.0,"timestamp":1772552641118},{"is_buyer_maker":true,"price":0.2642,"quantity":1.0,"timestamp":1772552641118},{"is_buyer_maker":true,"price":0.2642,"quantity":6.0,"timestamp":1772552641118},{"is_buyer_maker":true,"price":0.2642,"quantity":1.0,"timestamp":1772552641118},{"is_buyer_maker":true,"price":0.2642,"quantity":28.0,"timestamp":1772552641118},{"is_buyer_maker":true,"price":0.2642,"quantity":1.0,"timestamp":1772552641118},{"is_buyer_maker":true,"price":0.2642,"quantity":1159.0,"timestamp":1772552641118},{"is_buyer_maker":true,"price":0.2642,"quantity":12256.0,"timestamp":1772552641118},{"is_buyer_maker":true,"price":0.2642,"quantity":20.0,"timestamp":1772552641118},{"is_buyer_maker":true,"price":0.2642,"quantity":180.0,"timestamp":1772552641118},{"is_buyer_maker":true,"price":0.2642,"quantity":718.0,"timestamp":1772552641118},{"is_buyer_maker":true,"price":0.2642,"quantity":29.0,"timestamp":1772552641118},{"is_buyer_maker":true,"price":0.2642,"quantity":17013.0,"timestamp":1772552641118},{"is_buyer_maker":true,"price":0.2642,"quantity":3320.0,"timestamp":1772552641118},{"is_buyer_maker":true,"price":0.2642,"quantity":2.0,"timestamp":1772552641118},{"is_buyer_maker":true,"price":0.2642,"quantity":1.0,"timestamp":1772552641118},{"is_buyer_maker":true,"price":0.2642,"quantity":2.0,"timestamp":1772552641118},{"is_buyer_maker":true,"price":0.2642,"quantity":45.0,"timestamp":1772552641118},{"is_buyer_maker":true,"price":0.2642,"quantity":1.0,"timestamp":1772552641118},{"is_buyer_maker":true,"price":0.2642,"quantity":6.0,"timestamp":1772552641118},{"is_buyer_maker":true,"price":0.2642,"quantity":1.0,"timestamp":1772552641118},{"is_buyer_maker":true,"price":0.2642,"quantity":28.0,"timestamp":1772552641118},{"is_buyer_maker":true,"price":0.2642,"quantity":1.0,"timestamp":1772552641118},{"is_buyer_maker":true,"price":0.2642,"quantity":1159.0,"timestamp":1772552641118},{"is_buyer_maker":true,"price":0.2642,"quantity":12256.0,"timestamp":1772552641118},{"is_buyer_maker":true,"price":0.2642,"quantity":20.0,"timestamp":1772552641118},{"is_buyer_maker":true,"price":0.2642,"quantity":180.0,"timestamp":1772552641118},{"is_buyer_maker":true,"price":0.2642,"quantity":718.0,"timestamp":1772552641118},{"is_buyer_maker":true,"price":0.2642,"quantity":29.0,"timestamp":1772552641118},{"is_buyer_maker":true,"price":0.2642,"quantity":17013.0,"timestamp":1772552641118},{"is_buyer_maker":true,"price":0.2642,"quantity":3320.0,"timestamp":1772552641118},{"is_buyer_maker":true,"price":0.2642,"quantity":2.0,"timestamp":1772552641118},{"is_buyer_maker":true,"price":0.2642,"quantity":1.0,"timestamp":1772552641118},{"is_buyer_maker":true,"price":0.2642,"quantity":2.0,"timestamp":1772552641118},{"is_buyer_maker":true,"price":0.2642,"quantity":45.0,"timestamp":1772552641118},{"is_buyer_maker":true,"price":0.2642,"quantity":1.0,"timestamp":1772552641118},{"is_buyer_maker":true,"price":0.2642,"quantity":6.0,"timestamp":1772552641118},{"is_buyer_maker":true,"price":0.2642,"quantity":1.0,"timestamp":1772552641118},{"is_buyer_maker":true,"price":0.2642,"quantity":28.0,"timestamp":1772552641118},{"is_buyer_maker":true,"price":0.2642,"quantity":1.0,"timestamp":1772552641118},{"is_buyer_maker":true,"price":0.2642,"quantity":1159.0,"timestamp":1772552641118},{"is_buyer_maker":true,"price":0.2642,"quantity":12256.0,"timestamp":1772552641118},{"is_buyer_maker":true,"price":0.2642,"quantity":20.0,"timestamp":1772552641118},{"is_buyer_maker":true,"price":0.2642,"quantity":180.0,"timestamp":1772552641118},{"is_buyer_maker":true,"price":0.2642,"quantity":718.0,"timestamp":1772552641118},{"is_buyer_maker":true,"price":0.2642,"quantity":29.0,"timestamp":1772552641118},{"is_buyer_maker":true,"price":0.2642,"quantity":17013.0,"timestamp":1772552641118},{"is_buyer_maker":true,"price":0.2642,"quantity":3320.0,"timestamp":1772552641118},{"is_buyer_maker":true,"price":0.2642,"quantity":2.0,"timestamp":1772552641118},{"is_buyer_maker":true,"price":0.2642,"quantity":1.0,"timestamp":1772552641118},{"is_buyer_maker":true,"price":0.2642,"quantity":2.0,"timestamp":1772552641118},{"is_buyer_maker":true,"price":0.2642,"quantity":45.0,"timestamp":1772552641118},{"is_buyer_maker":true,"price":0.2642,"quantity":1.0,"timestamp":1772552641118},{"is_buyer_maker":true,"price":0.2642,"quantity":6.0,"timestamp":1772552641118},{"is_buyer_maker":true,"price":0.2642,"quantity":1.0,"timestamp":1772552641118},{"is_buyer_maker":true,"price":0.2642,"quantity":28.0,"timestamp":1772552641118},{"is_buyer_maker":true,"price":0.2642,"quantity":1.0,"timestamp":1772552641118},{"is_buyer_maker":true,"price":0.2642,"quantity":1159.0,"timestamp":1772552641118},{"is_buyer_maker":true,"price":0.2642,"quantity":12256.0,"timestamp":1772552641118},{"is_buyer_maker":true,"price":0.2642,"quantity":20.0,"timestamp":1772552641118},{"is_buyer_maker":true,"price":0.2642,"quantity":180.0,"timestamp":1772552641118},{"is_buyer_maker":true,"price":0.2642,"quantity":718.0,"timestamp":1772552641118},{"is_buyer_maker":true,"price":0.2642,"quantity":29.0,"timestamp":1772552641118},{"is_buyer_maker":true,"price":0.2642,"quantity":17013.0,"timestamp":1772552641118},{"is_buyer_maker":true,"price":0.2642,"quantity":3320.0,"timestamp":1772552641118},{"is_buyer_maker":true,"price":0.2642,"quantity":2.0,"timestamp":1772552641118},{"is_buyer_maker":true,"price":0.2642,"quantity":1.0,"timestamp":1772552641118},{"is_buyer_maker":true,"price":0.2642,"quantity":2.0,"timestamp":1772552641118},{"is_buyer_maker":true,"price":0.2642,"quantity":45.0,"timestamp":1772552641118},{"is_buyer_maker":true,"price":0.2642,"quantity":1.0,"timestamp":1772552641118},{"is_buyer_maker":true,"price":0.2642,"quantity":6.0,"timestamp":1772552641118},{"is_buyer_maker":true,"price":0.2642,"quantity":1.0,"timestamp":1772552641118},{"is_buyer_maker":true,"price":0.2642,"quantity":28.0,"timestamp":1772552641118},{"is_buyer_maker":true,"price":0.2642,"quantity":1.0,"timestamp":1772552641118},{"is_buyer_maker":true,"price":0.2642,"quantity":1159.0,"timestamp":1772552641118},{"is_buyer_maker":true,"price":0.2642,"quantity":12256.0,"timestamp":1772552641118},{"is_buyer_maker":true,"price":0.2642,"quantity":20.0,"timestamp":1772552641118},{"is_buyer_maker":true,"price":0.2642,"quantity":180.0,"timestamp":1772552641118},{"is_buyer_maker":true,"price":0.2642,"quantity":718.0,"timestamp":1772552641118},{"is_buyer_maker":true,"price":0.2642,"quantity":29.0,"timestamp":1772552641118},{"is_buyer_maker":true,"price":0.2642,"quantity":17013.0,"timestamp":1772552641118},{"is_buyer_maker":true,"price":0.2642,"quantity":3320.0,"timestamp":1772552641118},{"is_buyer_maker":true,"price":0.2642,"quantity":2.0,"timestamp":1772552641118},{"is_buyer_maker":true,"price":0.2642,"quantity":1.0,"timestamp":1772552641118},{"is_buyer_maker":true,"price":0.2642,"quantity":2.0,"timestamp":1772552641118},{"is_buyer_maker":true,"price":0.2642,"quantity":45.0,"timestamp":1772552641118},{"is_buyer_maker":true,"price":0.2642,"quantity":1.0,"timestamp":1772552641118},{"is_buyer_maker":true,"price":0.2642,"quantity":6.0,"timestamp":1772552641118},{"is_buyer_maker":true,"price":0.2642,"quantity":1.0,"timestamp":1772552641118},{"is_buyer_maker":true,"price":0.2642,"quantity":28.0,"timestamp":1772552641118},{"is_buyer_maker":true,"price":0.2642,"quantity":1.0,"timestamp":1772552641118},{"is_buyer_maker":true,"price":0.2642,"quantity":1159.0,"timestamp":1772552641118},{"is_buyer_maker":true,"price":0.2642,"quantity":12256.0,"timestamp":1772552641118},{"is_buyer_maker":true,"price":0.2642,"quantity":20.0,"timestamp":1772552641118},{"is_buyer_maker":true,"price":0.2642,"quantity":180.0,"timestamp":1772552641118},{"is_buyer_maker":true,"price":0.2642,"quantity":718.0,"timestamp":1772552641118},{"is_buyer_maker":true,"price":0.2642,"quantity":29.0,"timestamp":1772552641118},{"is_buyer_maker":true,"price":0.2642,"quantity":17013.0,"timestamp":1772552641118},{"is_buyer_maker":true,"price":0.2642,"quantity":3320.0,"timestamp":1772552641118},{"is_buyer_maker":true,"price":0.2642,"quantity":2.0,"timestamp":1772552641118},{"is_buyer_maker":true,"price":0.2642,"quantity":1.0,"timestamp":1772552641118},{"is_buyer_maker":true,"price":0.2642,"quantity":2.0,"timestamp":1772552641118},{"is_buyer_maker":true,"price":0.2642,"quantity":45.0,"timestamp":1772552641118},{"is_buyer_maker":true,"price":0.2642,"quantity":1.0,"timestamp":1772552641118},{"is_buyer_maker":true,"price":0.2642,"quantity":6.0,"timestamp":1772552641118},{"is_buyer_maker":true,"price":0.2642,"quantity":1.0,"timestamp":1772552641118},{"is_buyer_maker":true,"price":0.2642,"quantity":28.0,"timestamp":1772552641118},{"is_buyer_maker":true,"price":0.2642,"quantity":1.0,"timestamp":1772552641118},{"is_buyer_maker":true,"price":0.2642,"quantity":1159.0,"timestamp":1772552641118},{"is_buyer_maker":true,"price":0.2642,"quantity":12256.0,"timestamp":1772552641118},{"is_buyer_maker":true,"price":0.2642,"quantity":20.0,"timestamp":1772552641118},{"is_buyer_maker":true,"price":0.2642,"quantity":180.0,"timestamp":1772552641118},{"is_buyer_maker":true,"price":0.2642,"quantity":718.0,"timestamp":1772552641118},{"is_buyer_maker":true,"price":0.2642,"quantity":29.0,"timestamp":1772552641118},{"is_buyer_maker":true,"price":0.2642,"quantity":17013.0,"timestamp":1772552641118},{"is_buyer_maker":true,"price":0.2642,"quantity":3320.0,"timestamp":1772552641118},{"is_buyer_maker":true,"price":0.2642,"quantity":2.0,"timestamp":1772552641118},{"is_buyer_maker":true,"price":0.2642,"quantity":1.0,"timestamp":1772552641118},{"is_buyer_maker":true,"price":0.2642,"quantity":2.0,"timestamp":1772552641118},{"is_buyer_maker":true,"price":0.2642,"quantity":45.0,"timestamp":1772552641118},{"is_buyer_maker":true,"price":0.2642,"quantity":1.0,"timestamp":1772552641118},{"is_buyer_maker":true,"price":0.2642,"quantity":6.0,"timestamp":1772552641118},{"is_buyer_maker":true,"price":0.2642,"quantity":1.0,"timestamp":1772552641118},{"is_buyer_maker":true,"price":0.2642,"quantity":28.0,"timestamp":1772552641118},{"is_buyer_maker":true,"price":0.2642,"quantity":1.0,"timestamp":1772552641118},{"is_buyer_maker":true,"price":0.2642,"quantity":1159.0,"timestamp":1772552641118},{"is_buyer_maker":true,"price":0.2642,"quantity":12256.0,"timestamp":1772552641118},{"is_buyer_maker":true,"price":0.2642,"quantity":20.0,"timestamp":1772552641118},{"is_buyer_maker":true,"price":0.2642,"quantity":180.0,"timestamp":1772552641118},{"is_buyer_maker":true,"price":0.2642,"quantity":718.0,"timestamp":1772552641118},{"is_buyer_maker":true,"price":0.2642,"quantity":29.0,"timestamp":1772552641118},{"is_buyer_maker":true,"price":0.2642,"quantity":17013.0,"timestamp":1772552641118},{"is_buyer_maker":true,"price":0.2642,"quantity":3320.0,"timestamp":1772552641118},{"is_buyer_maker":true,"price":0.2642,"quantity":2.0,"timestamp":1772552641118},{"is_buyer_maker":true,"price":0.2642,"quantity":1.0,"timestamp":1772552641118},{"is_buyer_maker":true,"price":0.2642,"quantity":2.0,"timestamp":1772552641118},{"is_buyer_maker":true,"price":0.2642,"quantity":45.0,"timestamp":1772552641118},{"is_buyer_maker":true,"price":0.2642,"quantity":1.0,"timestamp":1772552641118},{"is_buyer_maker":true,"price":0.2642,"quantity":6.0,"timestamp":1772552641118},{"is_buyer_maker":true,"price":0.2642,"quantity":1.0,"timestamp":1772552641118},{"is_buyer_maker":true,"price":0.2642,"quantity":28.0,"timestamp":1772552641118},{"is_buyer_maker":true,"price":0.2642,"quantity":1.0,"timestamp":1772552641118},{"is_buyer_maker":true,"price":0.2642,"quantity":1159.0,"timestamp":1772552641118},{"is_buyer_maker":true,"price":0.2642,"quantity":12256.0,"timestamp":1772552641118},{"is_buyer_maker":true,"price":0.2642,"quantity":20.0,"timestamp":1772552641118},{"is_buyer_maker":true,"price":0.2642,"quantity":180.0,"timestamp":1772552641118},{"is_buyer_maker":true,"price":0.2642,"quantity":718.0,"timestamp":1772552641118},{"is_buyer_maker":true,"price":0.2642,"quantity":29.0,"timestamp":1772552641118},{"is_buyer_maker":true,"price":0.2642,"quantity":17013.0,"timestamp":1772552641118},{"is_buyer_maker":true,"price":0.2642,"quantity":3320.0,"timestamp":1772552641118},{"is_buyer_maker":true,"price":0.2642,"quantity":2.0,"timestamp":1772552641118},{"is_buyer_maker":true,"price":0.2642,"quantity":1.0,"timestamp":1772552641118},{"is_buyer_maker":true,"price":0.2642,"quantity":2.0,"timestamp":1772552641118},{"is_buyer_maker":true,"price":0.2642,"quantity":45.0,"timestamp":1772552641118},{"is_buyer_maker":true,"price":0.2642,"quantity":1.0,"timestamp":1772552641118},{"is_buyer_maker":true,"price":0.2642,"quantity":6.0,"timestamp":1772552641118},{"is_buyer_maker":true,"price":0.2642,"quantity":1.0,"timestamp":1772552641118},{"is_buyer_maker":true,"price":0.2642,"quantity":28.0,"timestamp":1772552641118},{"is_buyer_maker":true,"price":0.2642,"quantity":1.0,"timestamp":1772552641118},{"is_buyer_maker":true,"price":0.2642,"quantity":1159.0,"timestamp":1772552641118},{"is_buyer_maker":true,"price":0.2642,"quantity":12256.0,"timestamp":1772552641118},{"is_buyer_maker":true,"price":0.2642,"quantity":20.0,"timestamp":1772552641118},{"is_buyer_maker":true,"price":0.2642,"quantity":180.0,"timestamp":1772552641118},{"is_buyer_maker":true,"price":0.2642,"quantity":718.0,"timestamp":1772552641118},{"is_buyer_maker":true,"price":0.2642,"quantity":29.0,"timestamp":1772552641118},{"is_buyer_maker":true,"price":0.2642,"quantity":17013.0,"timestamp":1772552641118},{"is_buyer_maker":true,"price":0.2642,"quantity":3320.0,"timestamp":1772552641118},{"is_buyer_maker":true,"price":0.2642,"quantity":2.0,"timestamp":1772552641118},{"is_buyer_maker":true,"price":0.2642,"quantity":1.0,"timestamp":1772552641118},{"is_buyer_maker":true,"price":0.2642,"quantity":2.0,"timestamp":1772552641118},{"is_buyer_maker":true,"price":0.2642,"quantity":45.0,"timestamp":1772552641118},{"is_buyer_maker":true,"price":0.2642,"quantity":1.0,"timestamp":1772552641118},{"is_buyer_maker":true,"price":0.2642,"quantity":6.0,"timestamp":1772552641118},{"is_buyer_maker":true,"price":0.2642,"quantity":1.0,"timestamp":1772552641118},{"is_buyer_maker":true,"price":0.2642,"quantity":28.0,"timestamp":1772552641118},{"is_buyer_maker":true,"price":0.2642,"quantity":1.0,"timestamp":1772552641118},{"is_buyer_maker":true,"price":0.2642,"quantity":1159.0,"timestamp":1772552641118},{"is_buyer_maker":true,"price":0.2642,"quantity":12256.0,"timestamp":1772552641118},{"is_buyer_maker":true,"price":0.2642,"quantity":20.0,"timestamp":1772552641118},{"is_buyer_maker":true,"price":0.2642,"quantity":180.0,"timestamp":1772552641118},{"is_buyer_maker":true,"price":0.2642,"quantity":718.0,"timestamp":1772552641118},{"is_buyer_maker":true,"price":0.2642,"quantity":29.0,"timestamp":1772552641118},{"is_buyer_maker":true,"price":0.2642,"quantity":17013.0,"timestamp":1772552641118},{"is_buyer_maker":true,"price":0.2642,"quantity":3320.0,"timestamp":1772552641118},{"is_buyer_maker":true,"price":0.2642,"quantity":2.0,"timestamp":1772552641118},{"is_buyer_maker":true,"price":0.2642,"quantity":1.0,"timestamp":1772552641118},{"is_buyer_maker":true,"price":0.2642,"quantity":2.0,"timestamp":1772552641118},{"is_buyer_maker":true,"price":0.2642,"quantity":45.0,"timestamp":1772552641118},{"is_buyer_maker":true,"price":0.2642,"quantity":1.0,"timestamp":1772552641118},{"is_buyer_maker":true,"price":0.2642,"quantity":6.0,"timestamp":1772552641118},{"is_buyer_maker":true,"price":0.2642,"quantity":1.0,"timestamp":1772552641118},{"is_buyer_maker":true,"price":0.2642,"quantity":28.0,"timestamp":1772552641118},{"is_buyer_maker":true,"price":0.2642,"quantity":1.0,"timestamp":1772552641118},{"is_buyer_maker":true,"price":0.2642,"quantity":1159.0,"timestamp":1772552641118},{"is_buyer_maker":true,"price":0.2642,"quantity":12256.0,"timestamp":1772552641118},{"is_buyer_maker":true,"price":0.2642,"quantity":20.0,"timestamp":1772552641118},{"is_buyer_maker":true,"price":0.2642,"quantity":180.0,"timestamp":1772552641118},{"is_buyer_maker":true,"price":0.2642,"quantity":718.0,"timestamp":1772552641118},{"is_buyer_maker":true,"price":0.2642,"quantity":29.0,"timestamp":1772552641118},{"is_buyer_maker":true,"price":0.2642,"quantity":17013.0,"timestamp":1772552641118},{"is_buyer_maker":true,"price":0.2642,"quantity":3320.0,"timestamp":1772552641118},{"is_buyer_maker":true,"price":0.2642,"quantity":2.0,"timestamp":1772552641118},{"is_buyer_maker":true,"price":0.2642,"quantity":1.0,"timestamp":1772552641118},{"is_buyer_maker":true,"price":0.2642,"quantity":2.0,"timestamp":1772552641118},{"is_buyer_maker":true,"price":0.2642,"quantity":45.0,"timestamp":1772552641118},{"is_buyer_maker":true,"price":0.2642,"quantity":1.0,"timestamp":1772552641118},{"is_buyer_maker":true,"price":0.2642,"quantity":6.0,"timestamp":1772552641118},{"is_buyer_maker":true,"price":0.2642,"quantity":1.0,"timestamp":1772552641118},{"is_buyer_maker":true,"price":0.2642,"quantity":28.0,"timestamp":1772552641118},{"is_buyer_maker":true,"price":0.2642,"quantity":1.0,"timestamp":1772552641118},{"is_buyer_maker":true,"price":0.2642,"quantity":1159.0,"timestamp":1772552641118},{"is_buyer_maker":true,"price":0.2642,"quantity":12256.0,"timestamp":1772552641118},{"is_buyer_maker":true,"price":0.2642,"quantity":20.0,"timestamp":1772552641118},{"is_buyer_maker":true,"price":0.2642,"quantity":180.0,"timestamp":1772552641118},{"is_buyer_maker":true,"price":0.2642,"quantity":718.0,"timestamp":1772552641118},{"is_buyer_maker":true,"price":0.2642,"quantity":29.0,"timestamp":1772552641118},{"is_buyer_maker":true,"price":0.2642,"quantity":17013.0,"timestamp":1772552641118},{"is_buyer_maker":true,"price":0.2642,"quantity":3320.0,"timestamp":1772552641118},{"is_buyer_maker":true,"price":0.2642,"quantity":2.0,"timestamp":1772552641118},{"is_buyer_maker":true,"price":0.2642,"quantity":1.0,"timestamp":1772552641118},{"is_buyer_maker":true,"price":0.2642,"quantity":2.0,"timestamp":1772552641118},{"is_buyer_maker":true,"price":0.2642,"quantity":45.0,"timestamp":1772552641118},{"is_buyer_maker":true,"price":0.2642,"quantity":1.0,"timestamp":1772552641118},{"is_buyer_maker":true,"price":0.2642,"quantity":6.0,"timestamp":1772552641118},{"is_buyer_maker":true,"price":0.2642,"quantity":1.0,"timestamp":1772552641118},{"is_buyer_maker":true,"price":0.2642,"quantity":28.0,"timestamp":1772552641118},{"is_buyer_maker":true,"price":0.2642,"quantity":1.0,"timestamp":1772552641118},{"is_buyer_maker":true,"price":0.2642,"quantity":1159.0,"timestamp":1772552641118},{"is_buyer_maker":true,"price":0.2642,"quantity":12256.0,"timestamp":1772552641118},{"is_buyer_maker":true,"price":0.2642,"quantity":20.0,"timestamp":1772552641118},{"is_buyer_maker":true,"price":0.2642,"quantity":180.0,"timestamp":1772552641118},{"is_buyer_maker":true,"price":0.2642,"quantity":718.0,"timestamp":1772552641118},{"is_buyer_maker":true,"price":0.2642,"quantity":29.0,"timestamp":1772552641118},{"is_buyer_maker":true,"price":0.2642,"quantity":17013.0,"timestamp":1772552641118},{"is_buyer_maker":true,"price":0.2642,"quantity":3320.0,"timestamp":1772552641118},{"is_buyer_maker":true,"price":0.2642,"quantity":2.0,"timestamp":1772552641118},{"is_buyer_maker":true,"price":0.2642,"quantity":1.0,"timestamp":1772552641118},{"is_buyer_maker":true,"price":0.2642,"quantity":2.0,"timestamp":1772552641118},{"is_buyer_maker":true,"price":0.2642,"quantity":45.0,"timestamp":1772552641118},{"is_buyer_maker":true,"price":0.2642,"quantity":1.0,"timestamp":1772552641118},{"is_buyer_maker":true,"price":0.2642,"quantity":6.0,"timestamp":1772552641118},{"is_buyer_maker":true,"price":0.2642,"quantity":1.0,"timestamp":1772552641118},{"is_buyer_maker":true,"price":0.2642,"quantity":28.0,"timestamp":1772552641118},{"is_buyer_maker":true,"price":0.2642,"quantity":1.0,"timestamp":1772552641118},{"is_buyer_maker":true,"price":0.2642,"quantity":1159.0,"timestamp":1772552641118},{"is_buyer_maker":true,"price":0.2642,"quantity":12256.0,"timestamp":1772552641118},{"is_buyer_maker":true,"price":0.2642,"quantity":20.0,"timestamp":1772552641118},{"is_buyer_maker":true,"price":0.2642,"quantity":180.0,"timestamp":1772552641118},{"is_buyer_maker":true,"price":0.2642,"quantity":718.0,"timestamp":1772552641118},{"is_buyer_maker":true,"price":0.2642,"quantity":29.0,"timestamp":1772552641118},{"is_buyer_maker":true,"price":0.2642,"quantity":17013.0,"timestamp":1772552641118},{"is_buyer_maker":true,"price":0.2642,"quantity":3320.0,"timestamp":1772552641118},{"is_buyer_maker":true,"price":0.2642,"quantity":2.0,"timestamp":1772552641118},{"is_buyer_maker":true,"price":0.2642,"quantity":1.0,"timestamp":1772552641118},{"is_buyer_maker":true,"price":0.2642,"quantity":2.0,"timestamp":1772552641118},{"is_buyer_maker":true,"price":0.2642,"quantity":45.0,"timestamp":1772552641118},{"is_buyer_maker":true,"price":0.2642,"quantity":1.0,"timestamp":1772552641118},{"is_buyer_maker":true,"price":0.2642,"quantity":6.0,"timestamp":1772552641118},{"is_buyer_maker":true,"price":0.2642,"quantity":1.0,"timestamp":1772552641118},{"is_buyer_maker":true,"price":0.2642,"quantity":28.0,"timestamp":1772552641118},{"is_buyer_maker":true,"price":0.2642,"quantity":1.0,"timestamp":1772552641118},{"is_buyer_maker":true,"price":0.2642,"quantity":1159.0,"timestamp":1772552641118},{"is_buyer_maker":true,"price":0.2642,"quantity":12256.0,"timestamp":1772552641118},{"is_buyer_maker":true,"price":0.2642,"quantity":20.0,"timestamp":1772552641118},{"is_buyer_maker":true,"price":0.2642,"quantity":180.0,"timestamp":1772552641118},{"is_buyer_maker":true,"price":0.2642,"quantity":718.0,"timestamp":1772552641118},{"is_buyer_maker":true,"price":0.2642,"quantity":29.0,"timestamp":1772552641118},{"is_buyer_maker":true,"price":0.2642,"quantity":17013.0,"timestamp":1772552641118},{"is_buyer_maker":true,"price":0.2642,"quantity":3320.0,"timestamp":1772552641118},{"is_buyer_maker":true,"price":0.2642,"quantity":2.0,"timestamp":1772552641118},{"is_buyer_maker":true,"price":0.2642,"quantity":1.0,"timestamp":1772552641118},{"is_buyer_maker":true,"price":0.2642,"quantity":2.0,"timestamp":1772552641118},{"is_buyer_maker":true,"price":0.2642,"quantity":45.0,"timestamp":1772552641118},{"is_buyer_maker":true,"price":0.2642,"quantity":1.0,"timestamp":1772552641118},{"is_buyer_maker":true,"price":0.2642,"quantity":6.0,"timestamp":1772552641118},{"is_buyer_maker":true,"price":0.2642,"quantity":1.0,"timestamp":1772552641118},{"is_buyer_maker":true,"price":0.2642,"quantity":28.0,"timestamp":1772552641118},{"is_buyer_maker":true,"price":0.2642,"quantity":1.0,"timestamp":1772552641118},{"is_buyer_maker":true,"price":0.2642,"quantity":1159.0,"timestamp":1772552641118},{"is_buyer_maker":true,"price":0.2642,"quantity":12256.0,"timestamp":1772552641118},{"is_buyer_maker":true,"price":0.2642,"quantity":20.0,"timestamp":1772552641118},{"is_buyer_maker":true,"price":0.2642,"quantity":180.0,"timestamp":1772552641118},{"is_buyer_maker":true,"price":0.2642,"quantity":718.0,"timestamp":1772552641118},{"is_buyer_maker":true,"price":0.2642,"quantity":29.0,"timestamp":1772552641118},{"is_buyer_maker":true,"price":0.2642,"quantity":17013.0,"timestamp":1772552641118},{"is_buyer_maker":true,"price":0.2642,"quantity":3320.0,"timestamp":1772552641118},{"is_buyer_maker":true,"price":0.2642,"quantity":2.0,"timestamp":1772552641118},{"is_buyer_maker":true,"price":0.2642,"quantity":1.0,"timestamp":1772552641118},{"is_buyer_maker":true,"price":0.2642,"quantity":2.0,"timestamp":1772552641118},{"is_buyer_maker":true,"price":0.2642,"quantity":45.0,"timestamp":1772552641118},{"is_buyer_maker":true,"price":0.2642,"quantity":1.0,"timestamp":1772552641118},{"is_buyer_maker":true,"price":0.2642,"quantity":6.0,"timestamp":1772552641118},{"is_buyer_maker":true,"price":0.2642,"quantity":1.0,"timestamp":1772552641118},{"is_buyer_maker":true,"price":0.2642,"quantity":28.0,"timestamp":1772552641118},{"is_buyer_maker":true,"price":0.2642,"quantity":1.0,"timestamp":1772552641118},{"is_buyer_maker":true,"price":0.2642,"quantity":1159.0,"timestamp":1772552641118},{"is_buyer_maker":true,"price":0.2642,"quantity":12256.0,"timestamp":1772552641118},{"is_buyer_maker":true,"price":0.2642,"quantity":20.0,"timestamp":1772552641118},{"is_buyer_maker":true,"price":0.2642,"quantity":180.0,"timestamp":1772552641118},{"is_buyer_maker":true,"price":0.2642,"quantity":718.0,"timestamp":1772552641118},{"is_buyer_maker":true,"price":0.2642,"quantity":29.0,"timestamp":1772552641118},{"is_buyer_maker":true,"price":0.2642,"quantity":17013.0,"timestamp":1772552641118},{"is_buyer_maker":true,"price":0.2642,"quantity":3320.0,"timestamp":1772552641118},{"is_buyer_maker":true,"price":0.2642,"quantity":2.0,"timestamp":1772552641118},{"is_buyer_maker":true,"price":0.2642,"quantity":1.0,"timestamp":1772552641118},{"is_buyer_maker":true,"price":0.2642,"quantity":2.0,"timestamp":1772552641118},{"is_buyer_maker":true,"price":0.2642,"quantity":45.0,"timestamp":1772552641118},{"is_buyer_maker":true,"price":0.2642,"quantity":1.0,"timestamp":1772552641118},{"is_buyer_maker":true,"price":0.2642,"quantity":6.0,"timestamp":1772552641118},{"is_buyer_maker":true,"price":0.2642,"quantity":1.0,"timestamp":1772552641118},{"is_buyer_maker":true,"price":0.2642,"quantity":28.0,"timestamp":1772552641118},{"is_buyer_maker":true,"price":0.2642,"quantity":1.0,"timestamp":1772552641118},{"is_buyer_maker":true,"price":0.2642,"quantity":1159.0,"timestamp":1772552641118},{"is_buyer_maker":true,"price":0.2642,"quantity":12256.0,"timestamp":1772552641118},{"is_buyer_maker":true,"price":0.2642,"quantity":20.0,"timestamp":1772552641118},{"is_buyer_maker":true,"price":0.2642,"quantity":180.0,"timestamp":1772552641118},{"is_buyer_maker":true,"price":0.2642,"quantity":718.0,"timestamp":1772552641118},{"is_buyer_maker":true,"price":0.2642,"quantity":29.0,"timestamp":1772552641118},{"is_buyer_maker":true,"price":0.2642,"quantity":17013.0,"timestamp":1772552641118},{"is_buyer_maker":false,"price":0.2643,"quantity":41.0,"timestamp":1772552641268},{"is_buyer_maker":false,"price":0.2643,"quantity":41.0,"timestamp":1772552641314},{"is_buyer_maker":false,"price":0.2643,"quantity":177.0,"timestamp":1772552641847},{"is_buyer_maker":false,"price":0.2643,"quantity":177.0,"timestamp":1772552641848},{"is_buyer_maker":false,"price":0.2643,"quantity":36.0,"timestamp":1772552642405},{"is_buyer_maker":false,"price":0.2643,"quantity":8.0,"timestamp":1772552642405},{"is_buyer_maker":false,"price":0.2643,"quantity":22.0,"timestamp":1772552642405},{"is_buyer_maker":false,"price":0.2643,"quantity":36.0,"timestamp":1772552642405},{"is_buyer_maker":false,"price":0.2643,"quantity":8.0,"timestamp":1772552642405},{"is_buyer_maker":false,"price":0.2643,"quantity":22.0,"timestamp":1772552642405},{"is_buyer_maker":false,"price":0.2643,"quantity":36.0,"timestamp":1772552642405},{"is_buyer_maker":false,"price":0.2643,"quantity":8.0,"timestamp":1772552642405},{"is_buyer_maker":false,"price":0.2643,"quantity":22.0,"timestamp":1772552642405},{"is_buyer_maker":false,"price":0.2643,"quantity":36.0,"timestamp":1772552642405},{"is_buyer_maker":false,"price":0.2643,"quantity":8.0,"timestamp":1772552642405},{"is_buyer_maker":false,"price":0.2643,"quantity":22.0,"timestamp":1772552642405},{"is_buyer_maker":false,"price":0.2643,"quantity":36.0,"timestamp":1772552642405},{"is_buyer_maker":false,"price":0.2643,"quantity":8.0,"timestamp":1772552642405},{"is_buyer_maker":false,"price":0.2643,"quantity":22.0,"timestamp":1772552642405},{"is_buyer_maker":false,"price":0.2643,"quantity":36.0,"timestamp":1772552642405},{"is_buyer_maker":false,"price":0.2643,"quantity":8.0,"timestamp":1772552642405},{"is_buyer_maker":false,"price":0.2643,"quantity":22.0,"timestamp":1772552642405},{"is_buyer_maker":false,"price":0.2643,"quantity":36.0,"timestamp":1772552642405},{"is_buyer_maker":false,"price":0.2643,"quantity":8.0,"timestamp":1772552642405},{"is_buyer_maker":false,"price":0.2643,"quantity":22.0,"timestamp":1772552642405},{"is_buyer_maker":false,"price":0.2643,"quantity":36.0,"timestamp":1772552642405},{"is_buyer_maker":false,"price":0.2643,"quantity":8.0,"timestamp":1772552642405},{"is_buyer_maker":false,"price":0.2643,"quantity":22.0,"timestamp":1772552642405},{"is_buyer_maker":false,"price":0.2643,"quantity":36.0,"timestamp":1772552642405},{"is_buyer_maker":false,"price":0.2643,"quantity":8.0,"timestamp":1772552642405},{"is_buyer_maker":false,"price":0.2643,"quantity":22.0,"timestamp":1772552642405},{"is_buyer_maker":false,"price":0.2643,"quantity":36.0,"timestamp":1772552642405},{"is_buyer_maker":false,"price":0.2643,"quantity":8.0,"timestamp":1772552642405},{"is_buyer_maker":false,"price":0.2643,"quantity":22.0,"timestamp":1772552642405},{"is_buyer_maker":false,"price":0.2643,"quantity":36.0,"timestamp":1772552642405},{"is_buyer_maker":false,"price":0.2643,"quantity":8.0,"timestamp":1772552642405},{"is_buyer_maker":false,"price":0.2643,"quantity":22.0,"timestamp":1772552642405},{"is_buyer_maker":false,"price":0.2643,"quantity":36.0,"timestamp":1772552642405},{"is_buyer_maker":false,"price":0.2643,"quantity":8.0,"timestamp":1772552642405},{"is_buyer_maker":false,"price":0.2643,"quantity":22.0,"timestamp":1772552642405},{"is_buyer_maker":false,"price":0.2643,"quantity":36.0,"timestamp":1772552642405},{"is_buyer_maker":false,"price":0.2643,"quantity":8.0,"timestamp":1772552642405},{"is_buyer_maker":false,"price":0.2643,"quantity":22.0,"timestamp":1772552642405},{"is_buyer_maker":false,"price":0.2643,"quantity":36.0,"timestamp":1772552642405},{"is_buyer_maker":false,"price":0.2643,"quantity":8.0,"timestamp":1772552642405},{"is_buyer_maker":false,"price":0.2643,"quantity":22.0,"timestamp":1772552642405},{"is_buyer_maker":false,"price":0.2643,"quantity":36.0,"timestamp":1772552642405},{"is_buyer_maker":false,"price":0.2643,"quantity":8.0,"timestamp":1772552642405},{"is_buyer_maker":false,"price":0.2643,"quantity":22.0,"timestamp":1772552642405},{"is_buyer_maker":false,"price":0.2643,"quantity":36.0,"timestamp":1772552642405},{"is_buyer_maker":false,"price":0.2643,"quantity":8.0,"timestamp":1772552642405},{"is_buyer_maker":false,"price":0.2643,"quantity":22.0,"timestamp":1772552642405},{"is_buyer_maker":false,"price":0.2643,"quantity":36.0,"timestamp":1772552642405},{"is_buyer_maker":false,"price":0.2643,"quantity":8.0,"timestamp":1772552642405},{"is_buyer_maker":false,"price":0.2643,"quantity":22.0,"timestamp":1772552642405},{"is_buyer_maker":false,"price":0.2643,"quantity":36.0,"timestamp":1772552642405},{"is_buyer_maker":false,"price":0.2643,"quantity":8.0,"timestamp":1772552642405},{"is_buyer_maker":false,"price":0.2643,"quantity":22.0,"timestamp":1772552642405},{"is_buyer_maker":false,"price":0.2643,"quantity":36.0,"timestamp":1772552642405},{"is_buyer_maker":false,"price":0.2643,"quantity":8.0,"timestamp":1772552642405},{"is_buyer_maker":false,"price":0.2643,"quantity":22.0,"timestamp":1772552642405},{"is_buyer_maker":true,"price":0.2643,"quantity":36.0,"timestamp":1772552642505},{"is_buyer_maker":false,"price":0.2643,"quantity":3126.0,"timestamp":1772552643095},{"is_buyer_maker":false,"price":0.2643,"quantity":9064.0,"timestamp":1772552643768},{"is_buyer_maker":false,"price":0.2643,"quantity":8624.0,"timestamp":1772552643768},{"is_buyer_maker":false,"price":0.2643,"quantity":9454.0,"timestamp":1772552643768},{"is_buyer_maker":false,"price":0.2643,"quantity":36.0,"timestamp":1772552643768},{"is_buyer_maker":false,"price":0.2643,"quantity":1014.0,"timestamp":1772552643768},{"is_buyer_maker":false,"price":0.2643,"quantity":378.0,"timestamp":1772552643768},{"is_buyer_maker":false,"price":0.2643,"quantity":20.0,"timestamp":1772552643768},{"is_buyer_maker":false,"price":0.2643,"quantity":287.0,"timestamp":1772552643768},{"is_buyer_maker":false,"price":0.2643,"quantity":9064.0,"timestamp":1772552643768},{"is_buyer_maker":false,"price":0.2643,"quantity":8624.0,"timestamp":1772552643768},{"is_buyer_maker":false,"price":0.2643,"quantity":9454.0,"timestamp":1772552643768},{"is_buyer_maker":false,"price":0.2643,"quantity":36.0,"timestamp":1772552643768},{"is_buyer_maker":false,"price":0.2643,"quantity":1014.0,"timestamp":1772552643768},{"is_buyer_maker":false,"price":0.2643,"quantity":378.0,"timestamp":1772552643768},{"is_buyer_maker":false,"price":0.2643,"quantity":20.0,"timestamp":1772552643768},{"is_buyer_maker":false,"price":0.2643,"quantity":287.0,"timestamp":1772552643768},{"is_buyer_maker":false,"price":0.2643,"quantity":9064.0,"timestamp":1772552643768},{"is_buyer_maker":false,"price":0.2643,"quantity":8624.0,"timestamp":1772552643768},{"is_buyer_maker":false,"price":0.2643,"quantity":9454.0,"timestamp":1772552643768},{"is_buyer_maker":false,"price":0.2643,"quantity":36.0,"timestamp":1772552643768},{"is_buyer_maker":false,"price":0.2643,"quantity":1014.0,"timestamp":1772552643768},{"is_buyer_maker":false,"price":0.2643,"quantity":378.0,"timestamp":1772552643768},{"is_buyer_maker":false,"price":0.2643,"quantity":20.0,"timestamp":1772552643768},{"is_buyer_maker":false,"price":0.2643,"quantity":287.0,"timestamp":1772552643768},{"is_buyer_maker":false,"price":0.2643,"quantity":9064.0,"timestamp":1772552643768},{"is_buyer_maker":false,"price":0.2643,"quantity":8624.0,"timestamp":1772552643768},{"is_buyer_maker":false,"price":0.2643,"quantity":9454.0,"timestamp":1772552643768},{"is_buyer_maker":false,"price":0.2643,"quantity":36.0,"timestamp":1772552643768},{"is_buyer_maker":false,"price":0.2643,"quantity":1014.0,"timestamp":1772552643768},{"is_buyer_maker":false,"price":0.2643,"quantity":378.0,"timestamp":1772552643768},{"is_buyer_maker":false,"price":0.2643,"quantity":20.0,"timestamp":1772552643768},{"is_buyer_maker":false,"price":0.2643,"quantity":287.0,"timestamp":1772552643768},{"is_buyer_maker":false,"price":0.2643,"quantity":9064.0,"timestamp":1772552643768},{"is_buyer_maker":false,"price":0.2643,"quantity":8624.0,"timestamp":1772552643768},{"is_buyer_maker":false,"price":0.2643,"quantity":9454.0,"timestamp":1772552643768},{"is_buyer_maker":false,"price":0.2643,"quantity":36.0,"timestamp":1772552643768},{"is_buyer_maker":false,"price":0.2643,"quantity":1014.0,"timestamp":1772552643768},{"is_buyer_maker":false,"price":0.2643,"quantity":378.0,"timestamp":1772552643768},{"is_buyer_maker":false,"price":0.2643,"quantity":20.0,"timestamp":1772552643768},{"is_buyer_maker":false,"price":0.2643,"quantity":287.0,"timestamp":1772552643768},{"is_buyer_maker":false,"price":0.2643,"quantity":9064.0,"timestamp":1772552643768},{"is_buyer_maker":false,"price":0.2643,"quantity":8624.0,"timestamp":1772552643768},{"is_buyer_maker":false,"price":0.2643,"quantity":9454.0,"timestamp":1772552643768},{"is_buyer_maker":false,"price":0.2643,"quantity":36.0,"timestamp":1772552643768},{"is_buyer_maker":false,"price":0.2643,"quantity":1014.0,"timestamp":1772552643768},{"is_buyer_maker":false,"price":0.2643,"quantity":378.0,"timestamp":1772552643768},{"is_buyer_maker":false,"price":0.2643,"quantity":20.0,"timestamp":1772552643768},{"is_buyer_maker":false,"price":0.2643,"quantity":287.0,"timestamp":1772552643768},{"is_buyer_maker":false,"price":0.2643,"quantity":9064.0,"timestamp":1772552643768},{"is_buyer_maker":false,"price":0.2643,"quantity":8624.0,"timestamp":1772552643768},{"is_buyer_maker":false,"price":0.2643,"quantity":9454.0,"timestamp":1772552643768},{"is_buyer_maker":false,"price":0.2643,"quantity":36.0,"timestamp":1772552643768},{"is_buyer_maker":false,"price":0.2643,"quantity":1014.0,"timestamp":1772552643768},{"is_buyer_maker":false,"price":0.2643,"quantity":378.0,"timestamp":1772552643768},{"is_buyer_maker":false,"price":0.2643,"quantity":20.0,"timestamp":1772552643768},{"is_buyer_maker":false,"price":0.2643,"quantity":287.0,"timestamp":1772552643768},{"is_buyer_maker":false,"price":0.2643,"quantity":9064.0,"timestamp":1772552643768},{"is_buyer_maker":false,"price":0.2643,"quantity":8624.0,"timestamp":1772552643768},{"is_buyer_maker":false,"price":0.2643,"quantity":9454.0,"timestamp":1772552643768},{"is_buyer_maker":false,"price":0.2643,"quantity":36.0,"timestamp":1772552643768},{"is_buyer_maker":false,"price":0.2643,"quantity":1014.0,"timestamp":1772552643768},{"is_buyer_maker":false,"price":0.2643,"quantity":378.0,"timestamp":1772552643768},{"is_buyer_maker":false,"price":0.2643,"quantity":20.0,"timestamp":1772552643768},{"is_buyer_maker":false,"price":0.2643,"quantity":287.0,"timestamp":1772552643768},{"is_buyer_maker":false,"price":0.2643,"quantity":9064.0,"timestamp":1772552643768},{"is_buyer_maker":false,"price":0.2643,"quantity":8624.0,"timestamp":1772552643768},{"is_buyer_maker":false,"price":0.2643,"quantity":9454.0,"timestamp":1772552643768},{"is_buyer_maker":false,"price":0.2643,"quantity":36.0,"timestamp":1772552643768},{"is_buyer_maker":false,"price":0.2643,"quantity":1014.0,"timestamp":1772552643768},{"is_buyer_maker":false,"price":0.2643,"quantity":378.0,"timestamp":1772552643768},{"is_buyer_maker":false,"price":0.2643,"quantity":20.0,"timestamp":1772552643768},{"is_buyer_maker":false,"price":0.2643,"quantity":287.0,"timestamp":1772552643768},{"is_buyer_maker":false,"price":0.2643,"quantity":9064.0,"timestamp":1772552643768},{"is_buyer_maker":false,"price":0.2643,"quantity":8624.0,"timestamp":1772552643768},{"is_buyer_maker":false,"price":0.2643,"quantity":9454.0,"timestamp":1772552643768},{"is_buyer_maker":false,"price":0.2643,"quantity":36.0,"timestamp":1772552643768},{"is_buyer_maker":false,"price":0.2643,"quantity":1014.0,"timestamp":1772552643768},{"is_buyer_maker":false,"price":0.2643,"quantity":378.0,"timestamp":1772552643768},{"is_buyer_maker":false,"price":0.2643,"quantity":20.0,"timestamp":1772552643768},{"is_buyer_maker":false,"price":0.2643,"quantity":287.0,"timestamp":1772552643768},{"is_buyer_maker":false,"price":0.2643,"quantity":9064.0,"timestamp":1772552643768},{"is_buyer_maker":false,"price":0.2643,"quantity":8624.0,"timestamp":1772552643768},{"is_buyer_maker":false,"price":0.2643,"quantity":9454.0,"timestamp":1772552643768},{"is_buyer_maker":false,"price":0.2643,"quantity":36.0,"timestamp":1772552643768},{"is_buyer_maker":false,"price":0.2643,"quantity":1014.0,"timestamp":1772552643768},{"is_buyer_maker":false,"price":0.2643,"quantity":378.0,"timestamp":1772552643768},{"is_buyer_maker":false,"price":0.2643,"quantity":20.0,"timestamp":1772552643768},{"is_buyer_maker":false,"price":0.2643,"quantity":287.0,"timestamp":1772552643768},{"is_buyer_maker":false,"price":0.2643,"quantity":9064.0,"timestamp":1772552643768},{"is_buyer_maker":false,"price":0.2643,"quantity":8624.0,"timestamp":1772552643768},{"is_buyer_maker":false,"price":0.2643,"quantity":9454.0,"timestamp":1772552643768},{"is_buyer_maker":false,"price":0.2643,"quantity":36.0,"timestamp":1772552643768},{"is_buyer_maker":false,"price":0.2643,"quantity":1014.0,"timestamp":1772552643768},{"is_buyer_maker":false,"price":0.2643,"quantity":378.0,"timestamp":1772552643768},{"is_buyer_maker":false,"price":0.2643,"quantity":20.0,"timestamp":1772552643768},{"is_buyer_maker":false,"price":0.2643,"quantity":287.0,"timestamp":1772552643768},{"is_buyer_maker":false,"price":0.2643,"quantity":9064.0,"timestamp":1772552643768},{"is_buyer_maker":false,"price":0.2643,"quantity":8624.0,"timestamp":1772552643768},{"is_buyer_maker":false,"price":0.2643,"quantity":9454.0,"timestamp":1772552643768},{"is_buyer_maker":false,"price":0.2643,"quantity":36.0,"timestamp":1772552643768},{"is_buyer_maker":false,"price":0.2643,"quantity":1014.0,"timestamp":1772552643768},{"is_buyer_maker":false,"price":0.2643,"quantity":378.0,"timestamp":1772552643768},{"is_buyer_maker":false,"price":0.2643,"quantity":20.0,"timestamp":1772552643768},{"is_buyer_maker":false,"price":0.2643,"quantity":287.0,"timestamp":1772552643768},{"is_buyer_maker":false,"price":0.2643,"quantity":9064.0,"timestamp":1772552643768},{"is_buyer_maker":false,"price":0.2643,"quantity":8624.0,"timestamp":1772552643768},{"is_buyer_maker":false,"price":0.2643,"quantity":9454.0,"timestamp":1772552643768},{"is_buyer_maker":false,"price":0.2643,"quantity":36.0,"timestamp":1772552643768},{"is_buyer_maker":false,"price":0.2643,"quantity":1014.0,"timestamp":1772552643768},{"is_buyer_maker":false,"price":0.2643,"quantity":378.0,"timestamp":1772552643768},{"is_buyer_maker":false,"price":0.2643,"quantity":20.0,"timestamp":1772552643768},{"is_buyer_maker":false,"price":0.2643,"quantity":287.0,"timestamp":1772552643768},{"is_buyer_maker":false,"price":0.2643,"quantity":9064.0,"timestamp":1772552643768},{"is_buyer_maker":false,"price":0.2643,"quantity":8624.0,"timestamp":1772552643768},{"is_buyer_maker":false,"price":0.2643,"quantity":9454.0,"timestamp":1772552643768},{"is_buyer_maker":false,"price":0.2643,"quantity":36.0,"timestamp":1772552643768},{"is_buyer_maker":false,"price":0.2643,"quantity":1014.0,"timestamp":1772552643768},{"is_buyer_maker":false,"price":0.2643,"quantity":378.0,"timestamp":1772552643768},{"is_buyer_maker":false,"price":0.2643,"quantity":20.0,"timestamp":1772552643768},{"is_buyer_maker":false,"price":0.2643,"quantity":287.0,"timestamp":1772552643768},{"is_buyer_maker":false,"price":0.2643,"quantity":9064.0,"timestamp":1772552643768},{"is_buyer_maker":false,"price":0.2643,"quantity":8624.0,"timestamp":1772552643768},{"is_buyer_maker":false,"price":0.2643,"quantity":9454.0,"timestamp":1772552643768},{"is_buyer_maker":false,"price":0.2643,"quantity":36.0,"timestamp":1772552643768},{"is_buyer_maker":false,"price":0.2643,"quantity":1014.0,"timestamp":1772552643768},{"is_buyer_maker":false,"price":0.2643,"quantity":378.0,"timestamp":1772552643768},{"is_buyer_maker":false,"price":0.2643,"quantity":20.0,"timestamp":1772552643768},{"is_buyer_maker":false,"price":0.2643,"quantity":287.0,"timestamp":1772552643768},{"is_buyer_maker":false,"price":0.2643,"quantity":9064.0,"timestamp":1772552643768},{"is_buyer_maker":false,"price":0.2643,"quantity":8624.0,"timestamp":1772552643768},{"is_buyer_maker":false,"price":0.2643,"quantity":9454.0,"timestamp":1772552643768},{"is_buyer_maker":false,"price":0.2643,"quantity":36.0,"timestamp":1772552643768},{"is_buyer_maker":false,"price":0.2643,"quantity":1014.0,"timestamp":1772552643768},{"is_buyer_maker":false,"price":0.2643,"quantity":378.0,"timestamp":1772552643768},{"is_buyer_maker":false,"price":0.2643,"quantity":20.0,"timestamp":1772552643768},{"is_buyer_maker":false,"price":0.2643,"quantity":287.0,"timestamp":1772552643768},{"is_buyer_maker":false,"price":0.2643,"quantity":9064.0,"timestamp":1772552643768},{"is_buyer_maker":false,"price":0.2643,"quantity":8624.0,"timestamp":1772552643768},{"is_buyer_maker":false,"price":0.2643,"quantity":9454.0,"timestamp":1772552643768},{"is_buyer_maker":false,"price":0.2643,"quantity":36.0,"timestamp":1772552643768},{"is_buyer_maker":false,"price":0.2643,"quantity":1014.0,"timestamp":1772552643768},{"is_buyer_maker":false,"price":0.2643,"quantity":378.0,"timestamp":1772552643768},{"is_buyer_maker":false,"price":0.2643,"quantity":20.0,"timestamp":1772552643768},{"is_buyer_maker":false,"price":0.2643,"quantity":287.0,"timestamp":1772552643768},{"is_buyer_maker":false,"price":0.2643,"quantity":9064.0,"timestamp":1772552643768},{"is_buyer_maker":false,"price":0.2643,"quantity":8624.0,"timestamp":1772552643768},{"is_buyer_maker":false,"price":0.2643,"quantity":9454.0,"timestamp":1772552643768},{"is_buyer_maker":false,"price":0.2643,"quantity":36.0,"timestamp":1772552643768},{"is_buyer_maker":false,"price":0.2643,"quantity":1014.0,"timestamp":1772552643768},{"is_buyer_maker":false,"price":0.2643,"quantity":378.0,"timestamp":1772552643768},{"is_buyer_maker":false,"price":0.2643,"quantity":20.0,"timestamp":1772552643768},{"is_buyer_maker":false,"price":0.2643,"quantity":287.0,"timestamp":1772552643768},{"is_buyer_maker":false,"price":0.2644,"quantity":297.0,"timestamp":1772552644100},{"is_buyer_maker":false,"price":0.2644,"quantity":5000.0,"timestamp":1772552644436},{"is_buyer_maker":false,"price":0.2644,"quantity":36.0,"timestamp":1772552645526},{"is_buyer_maker":false,"price":0.2644,"quantity":20.0,"timestamp":1772552645526},{"is_buyer_maker":false,"price":0.2644,"quantity":10.0,"timestamp":1772552645526},{"is_buyer_maker":false,"price":0.2644,"quantity":330.0,"timestamp":1772552645526},{"is_buyer_maker":false,"price":0.2644,"quantity":149.0,"timestamp":1772552645526},{"is_buyer_maker":false,"price":0.2644,"quantity":36.0,"timestamp":1772552645526},{"is_buyer_maker":false,"price":0.2644,"quantity":20.0,"timestamp":1772552645526},{"is_buyer_maker":false,"price":0.2644,"quantity":10.0,"timestamp":1772552645526},{"is_buyer_maker":false,"price":0.2644,"quantity":330.0,"timestamp":1772552645526},{"is_buyer_maker":false,"price":0.2644,"quantity":149.0,"timestamp":1772552645526},{"is_buyer_maker":false,"price":0.2644,"quantity":36.0,"timestamp":1772552645526},{"is_buyer_maker":false,"price":0.2644,"quantity":20.0,"timestamp":1772552645526},{"is_buyer_maker":false,"price":0.2644,"quantity":10.0,"timestamp":1772552645526},{"is_buyer_maker":false,"price":0.2644,"quantity":330.0,"timestamp":1772552645526},{"is_buyer_maker":false,"price":0.2644,"quantity":149.0,"timestamp":1772552645526},{"is_buyer_maker":false,"price":0.2644,"quantity":36.0,"timestamp":1772552645526},{"is_buyer_maker":false,"price":0.2644,"quantity":20.0,"timestamp":1772552645526},{"is_buyer_maker":false,"price":0.2644,"quantity":10.0,"timestamp":1772552645526},{"is_buyer_maker":false,"price":0.2644,"quantity":330.0,"timestamp":1772552645526},{"is_buyer_maker":false,"price":0.2644,"quantity":149.0,"timestamp":1772552645526},{"is_buyer_maker":false,"price":0.2644,"quantity":36.0,"timestamp":1772552645526},{"is_buyer_maker":false,"price":0.2644,"quantity":20.0,"timestamp":1772552645526},{"is_buyer_maker":false,"price":0.2644,"quantity":10.0,"timestamp":1772552645526},{"is_buyer_maker":false,"price":0.2644,"quantity":330.0,"timestamp":1772552645526},{"is_buyer_maker":false,"price":0.2644,"quantity":149.0,"timestamp":1772552645526},{"is_buyer_maker":false,"price":0.2644,"quantity":36.0,"timestamp":1772552645526},{"is_buyer_maker":false,"price":0.2644,"quantity":20.0,"timestamp":1772552645526},{"is_buyer_maker":false,"price":0.2644,"quantity":10.0,"timestamp":1772552645526},{"is_buyer_maker":false,"price":0.2644,"quantity":330.0,"timestamp":1772552645526},{"is_buyer_maker":false,"price":0.2644,"quantity":149.0,"timestamp":1772552645526},{"is_buyer_maker":false,"price":0.2644,"quantity":36.0,"timestamp":1772552645526},{"is_buyer_maker":false,"price":0.2644,"quantity":20.0,"timestamp":1772552645526},{"is_buyer_maker":false,"price":0.2644,"quantity":10.0,"timestamp":1772552645526},{"is_buyer_maker":false,"price":0.2644,"quantity":330.0,"timestamp":1772552645526},{"is_buyer_maker":false,"price":0.2644,"quantity":149.0,"timestamp":1772552645526},{"is_buyer_maker":false,"price":0.2644,"quantity":36.0,"timestamp":1772552645526},{"is_buyer_maker":false,"price":0.2644,"quantity":20.0,"timestamp":1772552645526},{"is_buyer_maker":false,"price":0.2644,"quantity":10.0,"timestamp":1772552645526},{"is_buyer_maker":false,"price":0.2644,"quantity":330.0,"timestamp":1772552645526},{"is_buyer_maker":false,"price":0.2644,"quantity":149.0,"timestamp":1772552645526},{"is_buyer_maker":false,"price":0.2644,"quantity":36.0,"timestamp":1772552645526},{"is_buyer_maker":false,"price":0.2644,"quantity":20.0,"timestamp":1772552645526},{"is_buyer_maker":false,"price":0.2644,"quantity":10.0,"timestamp":1772552645526},{"is_buyer_maker":false,"price":0.2644,"quantity":330.0,"timestamp":1772552645526},{"is_buyer_maker":false,"price":0.2644,"quantity":149.0,"timestamp":1772552645526},{"is_buyer_maker":false,"price":0.2644,"quantity":36.0,"timestamp":1772552645526},{"is_buyer_maker":false,"price":0.2644,"quantity":20.0,"timestamp":1772552645526},{"is_buyer_maker":false,"price":0.2644,"quantity":10.0,"timestamp":1772552645526},{"is_buyer_maker":false,"price":0.2644,"quantity":330.0,"timestamp":1772552645526},{"is_buyer_maker":false,"price":0.2644,"quantity":149.0,"timestamp":1772552645526},{"is_buyer_maker":false,"price":0.2644,"quantity":36.0,"timestamp":1772552645526},{"is_buyer_maker":false,"price":0.2644,"quantity":20.0,"timestamp":1772552645526},{"is_buyer_maker":false,"price":0.2644,"quantity":10.0,"timestamp":1772552645526},{"is_buyer_maker":false,"price":0.2644,"quantity":330.0,"timestamp":1772552645526},{"is_buyer_maker":false,"price":0.2644,"quantity":149.0,"timestamp":1772552645526},{"is_buyer_maker":false,"price":0.2644,"quantity":36.0,"timestamp":1772552645526},{"is_buyer_maker":false,"price":0.2644,"quantity":20.0,"timestamp":1772552645526},{"is_buyer_maker":false,"price":0.2644,"quantity":10.0,"timestamp":1772552645526},{"is_buyer_maker":false,"price":0.2644,"quantity":330.0,"timestamp":1772552645526},{"is_buyer_maker":false,"price":0.2644,"quantity":149.0,"timestamp":1772552645526},{"is_buyer_maker":false,"price":0.2644,"quantity":36.0,"timestamp":1772552645526},{"is_buyer_maker":false,"price":0.2644,"quantity":20.0,"timestamp":1772552645526},{"is_buyer_maker":false,"price":0.2644,"quantity":10.0,"timestamp":1772552645526},{"is_buyer_maker":false,"price":0.2644,"quantity":330.0,"timestamp":1772552645526},{"is_buyer_maker":false,"price":0.2644,"quantity":149.0,"timestamp":1772552645526},{"is_buyer_maker":false,"price":0.2644,"quantity":36.0,"timestamp":1772552645526},{"is_buyer_maker":false,"price":0.2644,"quantity":20.0,"timestamp":1772552645526},{"is_buyer_maker":false,"price":0.2644,"quantity":10.0,"timestamp":1772552645526},{"is_buyer_maker":false,"price":0.2644,"quantity":330.0,"timestamp":1772552645526},{"is_buyer_maker":false,"price":0.2644,"quantity":149.0,"timestamp":1772552645526},{"is_buyer_maker":false,"price":0.2644,"quantity":36.0,"timestamp":1772552645526},{"is_buyer_maker":false,"price":0.2644,"quantity":20.0,"timestamp":1772552645526},{"is_buyer_maker":false,"price":0.2644,"quantity":10.0,"timestamp":1772552645526},{"is_buyer_maker":false,"price":0.2644,"quantity":330.0,"timestamp":1772552645526},{"is_buyer_maker":false,"price":0.2644,"quantity":149.0,"timestamp":1772552645526},{"is_buyer_maker":false,"price":0.2644,"quantity":36.0,"timestamp":1772552645526},{"is_buyer_maker":false,"price":0.2644,"quantity":20.0,"timestamp":1772552645526},{"is_buyer_maker":false,"price":0.2644,"quantity":10.0,"timestamp":1772552645526},{"is_buyer_maker":false,"price":0.2644,"quantity":330.0,"timestamp":1772552645526},{"is_buyer_maker":false,"price":0.2644,"quantity":149.0,"timestamp":1772552645526},{"is_buyer_maker":false,"price":0.2644,"quantity":36.0,"timestamp":1772552645526},{"is_buyer_maker":false,"price":0.2644,"quantity":20.0,"timestamp":1772552645526},{"is_buyer_maker":false,"price":0.2644,"quantity":10.0,"timestamp":1772552645526},{"is_buyer_maker":false,"price":0.2644,"quantity":330.0,"timestamp":1772552645526},{"is_buyer_maker":false,"price":0.2644,"quantity":149.0,"timestamp":1772552645526},{"is_buyer_maker":false,"price":0.2644,"quantity":36.0,"timestamp":1772552645526},{"is_buyer_maker":false,"price":0.2644,"quantity":20.0,"timestamp":1772552645526},{"is_buyer_maker":false,"price":0.2644,"quantity":10.0,"timestamp":1772552645526},{"is_buyer_maker":false,"price":0.2644,"quantity":330.0,"timestamp":1772552645526},{"is_buyer_maker":false,"price":0.2644,"quantity":149.0,"timestamp":1772552645526},{"is_buyer_maker":false,"price":0.2644,"quantity":36.0,"timestamp":1772552645526},{"is_buyer_maker":false,"price":0.2644,"quantity":20.0,"timestamp":1772552645526},{"is_buyer_maker":false,"price":0.2644,"quantity":10.0,"timestamp":1772552645526},{"is_buyer_maker":false,"price":0.2644,"quantity":330.0,"timestamp":1772552645526},{"is_buyer_maker":false,"price":0.2644,"quantity":149.0,"timestamp":1772552645526},{"is_buyer_maker":false,"price":0.2644,"quantity":2886.0,"timestamp":1772552645528},{"is_buyer_maker":false,"price":0.2644,"quantity":302.0,"timestamp":1772552645528},{"is_buyer_maker":false,"price":0.2644,"quantity":2886.0,"timestamp":1772552645528},{"is_buyer_maker":false,"price":0.2644,"quantity":302.0,"timestamp":1772552645528},{"is_buyer_maker":false,"price":0.2644,"quantity":2886.0,"timestamp":1772552645528},{"is_buyer_maker":false,"price":0.2644,"quantity":302.0,"timestamp":1772552645528},{"is_buyer_maker":false,"price":0.2644,"quantity":2886.0,"timestamp":1772552645528},{"is_buyer_maker":false,"price":0.2644,"quantity":302.0,"timestamp":1772552645528},{"is_buyer_maker":false,"price":0.2644,"quantity":2886.0,"timestamp":1772552645528},{"is_buyer_maker":false,"price":0.2644,"quantity":302.0,"timestamp":1772552645528},{"is_buyer_maker":false,"price":0.2644,"quantity":2886.0,"timestamp":1772552645528},{"is_buyer_maker":false,"price":0.2644,"quantity":302.0,"timestamp":1772552645528},{"is_buyer_maker":false,"price":0.2644,"quantity":2886.0,"timestamp":1772552645528},{"is_buyer_maker":false,"price":0.2644,"quantity":302.0,"timestamp":1772552645528},{"is_buyer_maker":false,"price":0.2644,"quantity":2886.0,"timestamp":1772552645528},{"is_buyer_maker":false,"price":0.2644,"quantity":302.0,"timestamp":1772552645528},{"is_buyer_maker":false,"price":0.2644,"quantity":2886.0,"timestamp":1772552645528},{"is_buyer_maker":false,"price":0.2644,"quantity":302.0,"timestamp":1772552645528},{"is_buyer_maker":false,"price":0.2644,"quantity":2886.0,"timestamp":1772552645528},{"is_buyer_maker":false,"price":0.2644,"quantity":302.0,"timestamp":1772552645528},{"is_buyer_maker":false,"price":0.2644,"quantity":2886.0,"timestamp":1772552645528},{"is_buyer_maker":false,"price":0.2644,"quantity":302.0,"timestamp":1772552645528},{"is_buyer_maker":false,"price":0.2644,"quantity":2886.0,"timestamp":1772552645528},{"is_buyer_maker":false,"price":0.2644,"quantity":302.0,"timestamp":1772552645528},{"is_buyer_maker":false,"price":0.2644,"quantity":2886.0,"timestamp":1772552645528},{"is_buyer_maker":false,"price":0.2644,"quantity":302.0,"timestamp":1772552645528},{"is_buyer_maker":false,"price":0.2644,"quantity":2886.0,"timestamp":1772552645528},{"is_buyer_maker":false,"price":0.2644,"quantity":302.0,"timestamp":1772552645528},{"is_buyer_maker":false,"price":0.2644,"quantity":2886.0,"timestamp":1772552645528},{"is_buyer_maker":false,"price":0.2644,"quantity":302.0,"timestamp":1772552645528},{"is_buyer_maker":false,"price":0.2644,"quantity":2886.0,"timestamp":1772552645528},{"is_buyer_maker":false,"price":0.2644,"quantity":302.0,"timestamp":1772552645528},{"is_buyer_maker":false,"price":0.2644,"quantity":2886.0,"timestamp":1772552645528},{"is_buyer_maker":false,"price":0.2644,"quantity":302.0,"timestamp":1772552645528},{"is_buyer_maker":false,"price":0.2644,"quantity":2886.0,"timestamp":1772552645528},{"is_buyer_maker":false,"price":0.2644,"quantity":302.0,"timestamp":1772552645528},{"is_buyer_maker":false,"price":0.2644,"quantity":2886.0,"timestamp":1772552645528},{"is_buyer_maker":false,"price":0.2644,"quantity":302.0,"timestamp":1772552645528},{"is_buyer_maker":true,"price":0.2644,"quantity":24.0,"timestamp":1772552646896},{"is_buyer_maker":true,"price":0.2644,"quantity":36.0,"timestamp":1772552648825},{"is_buyer_maker":true,"price":0.2644,"quantity":1162.0,"timestamp":1772552648825},{"is_buyer_maker":true,"price":0.2644,"quantity":10.0,"timestamp":1772552648825},{"is_buyer_maker":true,"price":0.2644,"quantity":415.0,"timestamp":1772552648825},{"is_buyer_maker":true,"price":0.2644,"quantity":134.0,"timestamp":1772552648825},{"is_buyer_maker":true,"price":0.2644,"quantity":36.0,"timestamp":1772552648825},{"is_buyer_maker":true,"price":0.2644,"quantity":1162.0,"timestamp":1772552648825},{"is_buyer_maker":true,"price":0.2644,"quantity":10.0,"timestamp":1772552648825},{"is_buyer_maker":true,"price":0.2644,"quantity":415.0,"timestamp":1772552648825},{"is_buyer_maker":true,"price":0.2644,"quantity":134.0,"timestamp":1772552648825},{"is_buyer_maker":true,"price":0.2644,"quantity":36.0,"timestamp":1772552648825},{"is_buyer_maker":true,"price":0.2644,"quantity":1162.0,"timestamp":1772552648825},{"is_buyer_maker":true,"price":0.2644,"quantity":10.0,"timestamp":1772552648825},{"is_buyer_maker":true,"price":0.2644,"quantity":415.0,"timestamp":1772552648825},{"is_buyer_maker":true,"price":0.2644,"quantity":134.0,"timestamp":1772552648825},{"is_buyer_maker":true,"price":0.2644,"quantity":36.0,"timestamp":1772552648825},{"is_buyer_maker":true,"price":0.2644,"quantity":1162.0,"timestamp":1772552648825},{"is_buyer_maker":true,"price":0.2644,"quantity":10.0,"timestamp":1772552648825},{"is_buyer_maker":true,"price":0.2644,"quantity":415.0,"timestamp":1772552648825},{"is_buyer_maker":true,"price":0.2644,"quantity":134.0,"timestamp":1772552648825},{"is_buyer_maker":true,"price":0.2644,"quantity":36.0,"timestamp":1772552648825},{"is_buyer_maker":true,"price":0.2644,"quantity":1162.0,"timestamp":1772552648825},{"is_buyer_maker":true,"price":0.2644,"quantity":10.0,"timestamp":1772552648825},{"is_buyer_maker":true,"price":0.2644,"quantity":415.0,"timestamp":1772552648825},{"is_buyer_maker":true,"price":0.2644,"quantity":134.0,"timestamp":1772552648825},{"is_buyer_maker":true,"price":0.2644,"quantity":36.0,"timestamp":1772552648825},{"is_buyer_maker":true,"price":0.2644,"quantity":1162.0,"timestamp":1772552648825},{"is_buyer_maker":true,"price":0.2644,"quantity":10.0,"timestamp":1772552648825},{"is_buyer_maker":true,"price":0.2644,"quantity":415.0,"timestamp":1772552648825},{"is_buyer_maker":true,"price":0.2644,"quantity":134.0,"timestamp":1772552648825},{"is_buyer_maker":true,"price":0.2644,"quantity":36.0,"timestamp":1772552648825},{"is_buyer_maker":true,"price":0.2644,"quantity":1162.0,"timestamp":1772552648825},{"is_buyer_maker":true,"price":0.2644,"quantity":10.0,"timestamp":1772552648825},{"is_buyer_maker":true,"price":0.2644,"quantity":415.0,"timestamp":1772552648825},{"is_buyer_maker":true,"price":0.2644,"quantity":134.0,"timestamp":1772552648825},{"is_buyer_maker":true,"price":0.2644,"quantity":36.0,"timestamp":1772552648825},{"is_buyer_maker":true,"price":0.2644,"quantity":1162.0,"timestamp":1772552648825},{"is_buyer_maker":true,"price":0.2644,"quantity":10.0,"timestamp":1772552648825},{"is_buyer_maker":true,"price":0.2644,"quantity":415.0,"timestamp":1772552648825},{"is_buyer_maker":true,"price":0.2644,"quantity":134.0,"timestamp":1772552648825},{"is_buyer_maker":true,"price":0.2644,"quantity":36.0,"timestamp":1772552648825},{"is_buyer_maker":true,"price":0.2644,"quantity":1162.0,"timestamp":1772552648825},{"is_buyer_maker":true,"price":0.2644,"quantity":10.0,"timestamp":1772552648825},{"is_buyer_maker":true,"price":0.2644,"quantity":415.0,"timestamp":1772552648825},{"is_buyer_maker":true,"price":0.2644,"quantity":134.0,"timestamp":1772552648825},{"is_buyer_maker":true,"price":0.2644,"quantity":36.0,"timestamp":1772552648825},{"is_buyer_maker":true,"price":0.2644,"quantity":1162.0,"timestamp":1772552648825},{"is_buyer_maker":true,"price":0.2644,"quantity":10.0,"timestamp":1772552648825},{"is_buyer_maker":true,"price":0.2644,"quantity":415.0,"timestamp":1772552648825},{"is_buyer_maker":true,"price":0.2644,"quantity":134.0,"timestamp":1772552648825},{"is_buyer_maker":true,"price":0.2644,"quantity":36.0,"timestamp":1772552648825},{"is_buyer_maker":true,"price":0.2644,"quantity":1162.0,"timestamp":1772552648825}