{"exchange":"bybit","symbol":"DOTUSDT","last_updated":1772553234754,"trades":[{"is_buyer_maker":true,"price":1.5057,"quantity":0.1,"timestamp":1772552639867},{"is_buyer_maker":true,"price":1.5057,"quantity":6.7,"timestamp":1772552639867},{"is_buyer_maker":true,"price":1.5057,"quantity":0.1,"timestamp":1772552639867},{"is_buyer_maker":true,"price":1.5057,"quantity":6.7,"timestamp":1772552639867},{"is_buyer_maker":true,"price":1.5057,"quantity":0.1,"timestamp":1772552639867},{"is_buyer_maker":true,"price":1.5057,"quantity":6.7,"timestamp":1772552639867},{"is_buyer_maker":true,"price":1.5057,"quantity":0.1,"timestamp":1772552639867},{"is_buyer_maker":true,"price":1.5057,"quantity":6.7,"timestamp":1772552639867},{"is_buyer_maker":true,"price":1.5057,"quantity":0.1,"timestamp":1772552639867},{"is_buyer_maker":true,"price":1.5057,"quantity":6.7,"timestamp":1772552639867},{"is_buyer_maker":true,"price":1.5057,"quantity":0.1,"timestamp":1772552639867},{"is_buyer_maker":true,"price":1.5057,"quantity":6.7,"timestamp":1772552639867},{"is_buyer_maker":true,"price":1.5057,"quantity":0.1,"timestamp":1772552639867},{"is_buyer_maker":true,"price":1.5057,"quantity":6.7,"timestamp":1772552639867},{"is_buyer_maker":true,"price":1.5057,"quantity":0.1,"timestamp":1772552639867},{"is_buyer_maker":true,"price":1.5057,"quantity":6.7,"timestamp":1772552639867},{"is_buyer_maker":true,"price":1.5057,"quantity":0.1,"timestamp":1772552639867},{"is_buyer_maker":true,"price":1.5057,"quantity":6.7,"timestamp":1772552639867},{"is_buyer_maker":true,"price":1.5057,"quantity":0.1,"timestamp":1772552639867},{"is_buyer_maker":true,"price":1.5057,"quantity":6.7,"timestamp":1772552639867},{"is_buyer_maker":true,"price":1.5057,"quantity":0.1,"timestamp":1772552639867},{"is_buyer_maker":true,"price":1.5057,"quantity":6.7,"timestamp":1772552639867},{"is_buyer_maker":true,"price":1.5057,"quantity":0.1,"timestamp":1772552639867},{"is_buyer_maker":true,"price":1.5057,"quantity":6.7,"timestamp":1772552639867},{"is_buyer_maker":true,"price":1.5057,"quantity":0.1,"timestamp":1772552639867},{"is_buyer_maker":true,"price":1.5057,"quantity":6.7,"timestamp":1772552639867},{"is_buyer_maker":true,"price":1.5057,"quantity":0.1,"timestamp":1772552639867},{"is_buyer_maker":true,"price":1.5057,"quantity":6.7,"timestamp":1772552639867},{"is_buyer_maker":true,"price":1.5057,"quantity":0.1,"timestamp":1772552639867},{"is_buyer_maker":true,"price":1.5057,"quantity":6.7,"timestamp":1772552639867},{"is_buyer_maker":true,"price":1.5057,"quantity":0.1,"timestamp":1772552639867},{"is_buyer_maker":true,"price":1.5057,"quantity":6.7,"timestamp":1772552639867},{"is_buyer_maker":true,"price":1.5057,"quantity":0.1,"timestamp":1772552639867},{"is_buyer_maker":true,"price":1.5057,"quantity":6.7,"timestamp":1772552639867},{"is_buyer_maker":true,"price":1.5057,"quantity":0.1,"timestamp":1772552639867},{"is_buyer_maker":true,"price":1.5057,"quantity":6.7,"timestamp":1772552639867},{"is_buyer_maker":true,"price":1.5057,"quantity":0.1,"timestamp":1772552639867},{"is_buyer_maker":true,"price":1.5057,"quantity":6.7,"timestamp":1772552639867},{"is_buyer_maker":false,"price":1.5057,"quantity":6.6,"timestamp":1772552640106},{"is_buyer_maker":false,"price":1.5057,"quantity":16.2,"timestamp":1772552640106},{"is_buyer_maker":false,"price":1.5057,"quantity":6.6,"timestamp":1772552640106},{"is_buyer_maker":false,"price":1.5057,"quantity":16.2,"timestamp":1772552640106},{"is_buyer_maker":false,"price":1.5057,"quantity":6.6,"timestamp":1772552640106},{"is_buyer_maker":false,"price":1.5057,"quantity":16.2,"timestamp":1772552640106},{"is_buyer_maker":false,"price":1.5057,"quantity":6.6,"timestamp":1772552640106},{"is_buyer_maker":false,"price":1.5057,"quantity":16.2,"timestamp":1772552640106},{"is_buyer_maker":false,"price":1.5057,"quantity":6.6,"timestamp":1772552640106},{"is_buyer_maker":false,"price":1.5057,"quantity":16.2,"timestamp":1772552640106},{"is_buyer_maker":false,"price":1.5057,"quantity":6.6,"timestamp":1772552640106},{"is_buyer_maker":false,"price":1.5057,"quantity":16.2,"timestamp":1772552640106},{"is_buyer_maker":false,"price":1.5057,"quantity":6.6,"timestamp":1772552640106},{"is_buyer_maker":false,"price":1.5057,"quantity":16.2,"timestamp":1772552640106},{"is_buyer_maker":false,"price":1.5057,"quantity":6.6,"timestamp":1772552640106},{"is_buyer_maker":false,"price":1.5057,"quantity":16.2,"timestamp":1772552640106},{"is_buyer_maker":false,"price":1.5057,"quantity":6.6,"timestamp":1772552640106},{"is_buyer_maker":false,"price":1.5057,"quantity":16.2,"timestamp":1772552640106},{"is_buyer_maker":false,"price":1.5057,"quantity":6.6,"timestamp":1772552640106},{"is_buyer_maker":false,"price":1.5057,"quantity":16.2,"timestamp":1772552640106},{"is_buyer_maker":false,"price":1.5057,"quantity":6.6,"timestamp":1772552640106},{"is_buyer_maker":false,"price":1.5057,"quantity":16.2,"timestamp":1772552640106},{"is_buyer_maker":false,"price":1.5057,"quantity":6.6,"timestamp":1772552640106},{"is_buyer_maker":false,"price":1.5057,"quantity":16.2,"timestamp":1772552640106},{"is_buyer_maker":false,"price":1.5057,"quantity":6.6,"timestamp":1772552640106},{"is_buyer_maker":false,"price":1.5057,"quantity":16.2,"timestamp":1772552640106},{"is_buyer_maker":false,"price":1.5057,"quantity":6.6,"timestamp":1772552640106},{"is_buyer_maker":false,"price":1.5057,"quantity":16.2,"timestamp":1772552640106},{"is_buyer_maker":false,"price":1.5057,"quantity":6.6,"timestamp":1772552640106},{"is_buyer_maker":false,"price":1.5057,"quantity":16.2,"timestamp":1772552640106},{"is_buyer_maker":false,"price":1.5057,"quantity":6.6,"timestamp":1772552640106},{"is_buyer_maker":false,"price":1.5057,"quantity":16.2,"timestamp":1772552640106},{"is_buyer_maker":false,"price":1.5057,"quantity":6.6,"timestamp":1772552640106},{"is_buyer_maker":false,"price":1.5057,"quantity":16.2,"timestamp":1772552640106},{"is_buyer_maker":false,"price":1.5057,"quantity":6.6,"timestamp":1772552640106},{"is_buyer_maker":false,"price":1.5057,"quantity":16.2,"timestamp":1772552640106},{"is_buyer_maker":false,"price":1.5057,"quantity":6.6,"timestamp":1772552640106},{"is_buyer_maker":false,"price":1.5057,"quantity":16.2,"timestamp":1772552640106},{"is_buyer_maker":false,"price":1.5058,"quantity":6.6,"timestamp":1772552640140},{"is_buyer_maker":false,"price":1.5058,"quantity":6.5,"timestamp":1772552640140},{"is_buyer_maker":false,"price":1.5058,"quantity":26.5,"timestamp":1772552640140},{"is_buyer_maker":false,"price":1.5058,"quantity":6.6,"timestamp":1772552640140},{"is_buyer_maker":false,"price":1.5058,"quantity":6.5,"timestamp":1772552640140},{"is_buyer_maker":false,"price":1.5058,"quantity":26.5,"timestamp":1772552640140},{"is_buyer_maker":false,"price":1.5058,"quantity":6.6,"timestamp":1772552640140},{"is_buyer_maker":false,"price":1.5058,"quantity":6.5,"timestamp":1772552640140},{"is_buyer_maker":false,"price":1.5058,"quantity":26.5,"timestamp":1772552640140},{"is_buyer_maker":false,"price":1.5058,"quantity":6.6,"timestamp":1772552640140},{"is_buyer_maker":false,"price":1.5058,"quantity":6.5,"timestamp":1772552640140},{"is_buyer_maker":false,"price":1.5058,"quantity":26.5,"timestamp":1772552640140},{"is_buyer_maker":false,"price":1.5058,"quantity":6.6,"timestamp":1772552640140},{"is_buyer_maker":false,"price":1.5058,"quantity":6.5,"timestamp":1772552640140},{"is_buyer_maker":false,"price":1.5058,"quantity":26.5,"timestamp":1772552640140},{"is_buyer_maker":false,"price":1.5058,"quantity":6.6,"timestamp":1772552640140},{"is_buyer_maker":false,"price":1.5058,"quantity":6.5,"timestamp":1772552640140},{"is_buyer_maker":false,"price":1.5058,"quantity":26.5,"timestamp":1772552640140},{"is_buyer_maker":false,"price":1.5058,"quantity":6.6,"timestamp":1772552640140},{"is_buyer_maker":false,"price":1.5058,"quantity":6.5,"timestamp":1772552640140},{"is_buyer_maker":false,"price":1.5058,"quantity":26.5,"timestamp":1772552640140},{"is_buyer_maker":false,"price":1.5058,"quantity":6.6,"timestamp":1772552640140},{"is_buyer_maker":false,"price":1.5058,"quantity":6.5,"timestamp":1772552640140},{"is_buyer_maker":false,"price":1.5058,"quantity":26.5,"timestamp":1772552640140},{"is_buyer_maker":false,"price":1.5058,"quantity":6.6,"timestamp":1772552640140},{"is_buyer_maker":false,"price":1.5058,"quantity":6.5,"timestamp":1772552640140},{"is_buyer_maker":false,"price":1.5058,"quantity":26.5,"timestamp":1772552640140},{"is_buyer_maker":false,"price":1.5058,"quantity":6.6,"timestamp":1772552640140},{"is_buyer_maker":false,"price":1.5058,"quantity":6.5,"timestamp":1772552640140},{"is_buyer_maker":false,"price":1.5058,"quantity":26.5,"timestamp":1772552640140},{"is_buyer_maker":false,"price":1.5058,"quantity":6.6,"timestamp":1772552640140},{"is_buyer_maker":false,"price":1.5058,"quantity":6.5,"timestamp":1772552640140},{"is_buyer_maker":false,"price":1.5058,"quantity":26.5,"timestamp":1772552640140},{"is_buyer_maker":false,"price":1.5058,"quantity":6.6,"timestamp":1772552640140},{"is_buyer_maker":false,"price":1.5058,"quantity":6.5,"timestamp":1772552640140},{"is_buyer_maker":false,"price":1.5058,"quantity":26.5,"timestamp":1772552640140},{"is_buyer_maker":false,"price":1.5058,"quantity":6.6,"timestamp":1772552640140},{"is_buyer_maker":false,"price":1.5058,"quantity":6.5,"timestamp":1772552640140},{"is_buyer_maker":false,"price":1.5058,"quantity":26.5,"timestamp":1772552640140},{"is_buyer_maker":false,"price":1.5058,"quantity":6.6,"timestamp":1772552640140},{"is_buyer_maker":false,"price":1.5058,"quantity":6.5,"timestamp":1772552640140},{"is_buyer_maker":false,"price":1.5058,"quantity":26.5,"timestamp":1772552640140},{"is_buyer_maker":false,"price":1.5058,"quantity":6.6,"timestamp":1772552640140},{"is_buyer_maker":false,"price":1.5058,"quantity":6.5,"timestamp":1772552640140},{"is_buyer_maker":false,"price":1.5058,"quantity":26.5,"timestamp":1772552640140},{"is_buyer_maker":false,"price":1.5058,"quantity":6.6,"timestamp":1772552640140},{"is_buyer_maker":false,"price":1.5058,"quantity":6.5,"timestamp":1772552640140},{"is_buyer_maker":false,"price":1.5058,"quantity":26.5,"timestamp":1772552640140},{"is_buyer_maker":false,"price":1.5058,"quantity":6.6,"timestamp":1772552640140},{"is_buyer_maker":false,"price":1.5058,"quantity":6.5,"timestamp":1772552640140},{"is_buyer_maker":false,"price":1.5058,"quantity":26.5,"timestamp":1772552640140},{"is_buyer_maker":false,"price":1.5058,"quantity":6.6,"timestamp":1772552640140},{"is_buyer_maker":false,"price":1.5058,"quantity":6.5,"timestamp":1772552640140},{"is_buyer_maker":false,"price":1.5058,"quantity":26.5,"timestamp":1772552640140},{"is_buyer_maker":false,"price":1.5058,"quantity":6.6,"timestamp":1772552640140},{"is_buyer_maker":false,"price":1.5058,"quantity":6.5,"timestamp":1772552640140},{"is_buyer_maker":false,"price":1.5058,"quantity":26.5,"timestamp":1772552640140},{"is_buyer_maker":false,"price":1.5059,"quantity":6.7,"timestamp":1772552640475},{"is_buyer_maker":true,"price":1.5058,"quantity":6.6,"timestamp":1772552640857},{"is_buyer_maker":true,"price":1.5057,"quantity":0.8,"timestamp":1772552640857},{"is_buyer_maker":true,"price":1.5058,"quantity":6.6,"timestamp":1772552640857},{"is_buyer_maker":true,"price":1.5057,"quantity":0.8,"timestamp":1772552640857},{"is_buyer_maker":true,"price":1.5058,"quantity":6.6,"timestamp":1772552640857},{"is_buyer_maker":true,"price":1.5057,"quantity":0.8,"timestamp":1772552640857},{"is_buyer_maker":true,"price":1.5058,"quantity":6.6,"timestamp":1772552640857},{"is_buyer_maker":true,"price":1.5057,"quantity":0.8,"timestamp":1772552640857},{"is_buyer_maker":true,"price":1.5058,"quantity":6.6,"timestamp":1772552640857},{"is_buyer_maker":true,"price":1.5057,"quantity":0.8,"timestamp":1772552640857},{"is_buyer_maker":true,"price":1.5058,"quantity":6.6,"timestamp":1772552640857},{"is_buyer_maker":true,"price":1.5057,"quantity":0.8,"timestamp":1772552640857},{"is_buyer_maker":true,"price":1.5058,"quantity":6.6,"timestamp":1772552640857},{"is_buyer_maker":true,"price":1.5057,"quantity":0.8,"timestamp":1772552640857},{"is_buyer_maker":true,"price":1.5058,"quantity":6.6,"timestamp":1772552640857},{"is_buyer_maker":true,"price":1.5057,"quantity":0.8,"timestamp":1772552640857},{"is_buyer_maker":true,"price":1.5058,"quantity":6.6,"timestamp":1772552640857},{"is_buyer_maker":true,"price":1.5057,"quantity":0.8,"timestamp":1772552640857},{"is_buyer_maker":true,"price":1.5058,"quantity":6.6,"timestamp":1772552640857},{"is_buyer_maker":true,"price":1.5057,"quantity":0.8,"timestamp":1772552640857},{"is_buyer_maker":true,"price":1.5058,"quantity":6.6,"timestamp":1772552640857},{"is_buyer_maker":true,"price":1.5057,"quantity":0.8,"timestamp":1772552640857},{"is_buyer_maker":true,"price":1.5058,"quantity":6.6,"timestamp":1772552640857},{"is_buyer_maker":true,"price":1.5057,"quantity":0.8,"timestamp":1772552640857},{"is_buyer_maker":true,"price":1.5058,"quantity":6.6,"timestamp":1772552640857},{"is_buyer_maker":true,"price":1.5057,"quantity":0.8,"timestamp":1772552640857},{"is_buyer_maker":true,"price":1.5058,"quantity":6.6,"timestamp":1772552640857},{"is_buyer_maker":true,"price":1.5057,"quantity":0.8,"timestamp":1772552640857},{"is_buyer_maker":true,"price":1.5058,"quantity":6.6,"timestamp":1772552640857},{"is_buyer_maker":true,"price":1.5057,"quantity":0.8,"timestamp":1772552640857},{"is_buyer_maker":true,"price":1.5058,"quantity":6.6,"timestamp":1772552640857},{"is_buyer_maker":true,"price":1.5057,"quantity":0.8,"timestamp":1772552640857},{"is_buyer_maker":true,"price":1.5058,"quantity":6.6,"timestamp":1772552640857},{"is_buyer_maker":true,"price":1.5057,"quantity":0.8,"timestamp":1772552640857},{"is_buyer_maker":true,"price":1.5058,"quantity":6.6,"timestamp":1772552640857},{"is_buyer_maker":true,"price":1.5057,"quantity":0.8,"timestamp":1772552640857},{"is_buyer_maker":true,"price":1.5058,"quantity":6.6,"timestamp":1772552640857},{"is_buyer_maker":true,"price":1.5057,"quantity":0.8,"timestamp":1772552640857},{"is_buyer_maker":true,"price":1.5057,"quantity":5.8,"timestamp":1772552640930},{"is_buyer_maker":true,"price":1.5056,"quantity":1.5,"timestamp":1772552640930},{"is_buyer_maker":true,"price":1.5057,"quantity":5.8,"timestamp":1772552640930},{"is_buyer_maker":true,"price":1.5056,"quantity":1.5,"timestamp":1772552640930},{"is_buyer_maker":true,"price":1.5057,"quantity":5.8,"timestamp":1772552640930},{"is_buyer_maker":true,"price":1.5056,"quantity":1.5,"timestamp":1772552640930},{"is_buyer_maker":true,"price":1.5057,"quantity":5.8,"timestamp":1772552640930},{"is_buyer_maker":true,"price":1.5056,"quantity":1.5,"timestamp":1772552640930},{"is_buyer_maker":true,"price":1.5057,"quantity":5.8,"timestamp":1772552640930},{"is_buyer_maker":true,"price":1.5056,"quantity":1.5,"timestamp":1772552640930},{"is_buyer_maker":true,"price":1.5057,"quantity":5.8,"timestamp":1772552640930},{"is_buyer_maker":true,"price":1.5056,"quantity":1.5,"timestamp":1772552640930},{"is_buyer_maker":true,"price":1.5057,"quantity":5.8,"timestamp":1772552640930},{"is_buyer_maker":true,"price":1.5056,"quantity":1.5,"timestamp":1772552640930},{"is_buyer_maker":true,"price":1.5057,"quantity":5.8,"timestamp":1772552640930},{"is_buyer_maker":true,"price":1.5056,"quantity":1.5,"timestamp":1772552640930},{"is_buyer_maker":true,"price":1.5057,"quantity":5.8,"timestamp":1772552640930},{"is_buyer_maker":true,"price":1.5056,"quantity":1.5,"timestamp":1772552640930},{"is_buyer_maker":true,"price":1.5057,"quantity":5.8,"timestamp":1772552640930},{"is_buyer_maker":true,"price":1.5056,"quantity":1.5,"timestamp":1772552640930},{"is_buyer_maker":true,"price":1.5057,"quantity":5.8,"timestamp":1772552640930},{"is_buyer_maker":true,"price":1.5056,"quantity":1.5,"timestamp":1772552640930},{"is_buyer_maker":true,"price":1.5057,"quantity":5.8,"timestamp":1772552640930},{"is_buyer_maker":true,"price":1.5056,"quantity":1.5,"timestamp":1772552640930},{"is_buyer_maker":true,"price":1.5057,"quantity":5.8,"timestamp":1772552640930},{"is_buyer_maker":true,"price":1.5056,"quantity":1.5,"timestamp":1772552640930},{"is_buyer_maker":true,"price":1.5057,"quantity":5.8,"timestamp":1772552640930},{"is_buyer_maker":true,"price":1.5056,"quantity":1.5,"timestamp":1772552640930},{"is_buyer_maker":true,"price":1.5057,"quantity":5.8,"timestamp":1772552640930},{"is_buyer_maker":true,"price":1.5056,"quantity":1.5,"timestamp":1772552640930},{"is_buyer_maker":true,"price":1.5057,"quantity":5.8,"timestamp":1772552640930},{"is_buyer_maker":true,"price":1.5056,"quantity":1.5,"timestamp":1772552640930},{"is_buyer_maker":true,"price":1.5057,"quantity":5.8,"timestamp":1772552640930},{"is_buyer_maker":true,"price":1.5056,"quantity":1.5,"timestamp":1772552640930},{"is_buyer_maker":true,"price":1.5057,"quantity":5.8,"timestamp":1772552640930},{"is_buyer_maker":true,"price":1.5056,"quantity":1.5,"timestamp":1772552640930},{"is_buyer_maker":true,"price":1.5057,"quantity":5.8,"timestamp":1772552640930},{"is_buyer_maker":true,"price":1.5056,"quantity":1.5,"timestamp":1772552640930},{"is_buyer_maker":true,"price":1.5056,"quantity":2.2,"timestamp":1772552641317},{"is_buyer_maker":true,"price":1.5056,"quantity":6.7,"timestamp":1772552641317},{"is_buyer_maker":true,"price":1.5056,"quantity":1.5,"timestamp":1772552641317},{"is_buyer_maker":true,"price":1.5055,"quantity":0.1,"timestamp":1772552641317},{"is_buyer_maker":true,"price":1.5055,"quantity":2.9,"timestamp":1772552641317},{"is_buyer_maker":true,"price":1.5055,"quantity":1.3,"timestamp":1772552641317},{"is_buyer_maker":true,"price":1.5056,"quantity":2.2,"timestamp":1772552641317},{"is_buyer_maker":true,"price":1.5056,"quantity":6.7,"timestamp":1772552641317},{"is_buyer_maker":true,"price":1.5056,"quantity":1.5,"timestamp":1772552641317},{"is_buyer_maker":true,"price":1.5055,"quantity":0.1,"timestamp":1772552641317},{"is_buyer_maker":true,"price":1.5055,"quantity":2.9,"timestamp":1772552641317},{"is_buyer_maker":true,"price":1.5055,"quantity":1.3,"timestamp":1772552641317},{"is_buyer_maker":true,"price":1.5056,"quantity":2.2,"timestamp":1772552641317},{"is_buyer_maker":true,"price":1.5056,"quantity":6.7,"timestamp":1772552641317},{"is_buyer_maker":true,"price":1.5056,"quantity":1.5,"timestamp":1772552641317},{"is_buyer_maker":true,"price":1.5055,"quantity":0.1,"timestamp":1772552641317},{"is_buyer_maker":true,"price":1.5055,"quantity":2.9,"timestamp":1772552641317},{"is_buyer_maker":true,"price":1.5055,"quantity":1.3,"timestamp":1772552641317},{"is_buyer_maker":true,"price":1.5056,"quantity":2.2,"timestamp":1772552641317},{"is_buyer_maker":true,"price":1.5056,"quantity":6.7,"timestamp":1772552641317},{"is_buyer_maker":true,"price":1.5056,"quantity":1.5,"timestamp":1772552641317},{"is_buyer_maker":true,"price":1.5055,"quantity":0.1,"timestamp":1772552641317},{"is_buyer_maker":true,"price":1.5055,"quantity":2.9,"timestamp":1772552641317},{"is_buyer_maker":true,"price":1.5055,"quantity":1.3,"timestamp":1772552641317},{"is_buyer_maker":true,"price":1.5056,"quantity":2.2,"timestamp":1772552641317},{"is_buyer_maker":true,"price":1.5056,"quantity":6.7,"timestamp":1772552641317},{"is_buyer_maker":true,"price":1.5056,"quantity":1.5,"timestamp":1772552641317},{"is_buyer_maker":true,"price":1.5055,"quantity":0.1,"timestamp":1772552641317},{"is_buyer_maker":true,"price":1.5055,"quantity":2.9,"timestamp":1772552641317},{"is_buyer_maker":true,"price":1.5055,"quantity":1.3,"timestamp":1772552641317},{"is_buyer_maker":true,"price":1.5056,"quantity":2.2,"timestamp":1772552641317},{"is_buyer_maker":true,"price":1.5056,"quantity":6.7,"timestamp":1772552641317},{"is_buyer_maker":true,"price":1.5056,"quantity":1.5,"timestamp":1772552641317},{"is_buyer_maker":true,"price":1.5055,"quantity":0.1,"timestamp":1772552641317},{"is_buyer_maker":true,"price":1.5055,"quantity":2.9,"timestamp":1772552641317},{"is_buyer_maker":true,"price":1.5055,"quantity":1.3,"timestamp":1772552641317},{"is_buyer_maker":true,"price":1.5056,"quantity":2.2,"timestamp":1772552641317},{"is_buyer_maker":true,"price":1.5056,"quantity":6.7,"timestamp":1772552641317},{"is_buyer_maker":true,"price":1.5056,"quantity":1.5,"timestamp":1772552641317},{"is_buyer_maker":true,"price":1.5055,"quantity":0.1,"timestamp":1772552641317},{"is_buyer_maker":true,"price":1.5055,"quantity":2.9,"timestamp":1772552641317},{"is_buyer_maker":true,"price":1.5055,"quantity":1.3,"timestamp":1772552641317},{"is_buyer_maker":true,"price":1.5056,"quantity":2.2,"timestamp":1772552641317},{"is_buyer_maker":true,"price":1.5056,"quantity":6.7,"timestamp":1772552641317},{"is_buyer_maker":true,"price":1.5056,"quantity":1.5,"timestamp":1772552641317},{"is_buyer_maker":true,"price":1.5055,"quantity":0.1,"timestamp":1772552641317},{"is_buyer_maker":true,"price":1.5055,"quantity":2.9,"timestamp":1772552641317},{"is_buyer_maker":true,"price":1.5055,"quantity":1.3,"timestamp":1772552641317},{"is_buyer_maker":true,"price":1.5056,"quantity":2.2,"timestamp":1772552641317},{"is_buyer_maker":true,"price":1.5056,"quantity":6.7,"timestamp":1772552641317},{"is_buyer_maker":true,"price":1.5056,"quantity":1.5,"timestamp":1772552641317},{"is_buyer_maker":true,"price":1.5055,"quantity":0.1,"timestamp":1772552641317},{"is_buyer_maker":true,"price":1.5055,"quantity":2.9,"timestamp":1772552641317},{"is_buyer_maker":true,"price":1.5055,"quantity":1.3,"timestamp":1772552641317},{"is_buyer_maker":true,"price":1.5056,"quantity":2.2,"timestamp":1772552641317},{"is_buyer_maker":true,"price":1.5056,"quantity":6.7,"timestamp":1772552641317},{"is_buyer_maker":true,"price":1.5056,"quantity":1.5,"timestamp":1772552641317},{"is_buyer_maker":true,"price":1.5055,"quantity":0.1,"timestamp":1772552641317},{"is_buyer_maker":true,"price":1.5055,"quantity":2.9,"timestamp":1772552641317},{"is_buyer_maker":true,"price":1.5055,"quantity":1.3,"timestamp":1772552641317},{"is_buyer_maker":true,"price":1.5056,"quantity":2.2,"timestamp":1772552641317},{"is_buyer_maker":true,"price":1.5056,"quantity":6.7,"timestamp":1772552641317},{"is_buyer_maker":true,"price":1.5056,"quantity":1.5,"timestamp":1772552641317},{"is_buyer_maker":true,"price":1.5055,"quantity":0.1,"timestamp":1772552641317},{"is_buyer_maker":true,"price":1.5055,"quantity":2.9,"timestamp":1772552641317},{"is_buyer_maker":true,"price":1.5055,"quantity":1.3,"timestamp":1772552641317},{"is_buyer_maker":true,"price":1.5056,"quantity":2.2,"timestamp":1772552641317},{"is_buyer_maker":true,"price":1.5056,"quantity":6.7,"timestamp":1772552641317},{"is_buyer_maker":true,"price":1.5056,"quantity":1.5,"timestamp":1772552641317},{"is_buyer_maker":true,"price":1.5055,"quantity":0.1,"timestamp":1772552641317},{"is_buyer_maker":true,"price":1.5055,"quantity":2.9,"timestamp":1772552641317},{"is_buyer_maker":true,"price":1.5055,"quantity":1.3,"timestamp":1772552641317},{"is_buyer_maker":true,"price":1.5056,"quantity":2.2,"timestamp":1772552641317},{"is_buyer_maker":true,"price":1.5056,"quantity":6.7,"timestamp":1772552641317},{"is_buyer_maker":true,"price":1.5056,"quantity":1.5,"timestamp":1772552641317},{"is_buyer_maker":true,"price":1.5055,"quantity":0.1,"timestamp":1772552641317},{"is_buyer_maker":true,"price":1.5055,"quantity":2.9,"timestamp":1772552641317},{"is_buyer_maker":true,"price":1.5055,"quantity":1.3,"timestamp":1772552641317},{"is_buyer_maker":true,"price":1.5056,"quantity":2.2,"timestamp":1772552641317},{"is_buyer_maker":true,"price":1.5056,"quantity":6.7,"timestamp":1772552641317},{"is_buyer_maker":true,"price":1.5056,"quantity":1.5,"timestamp":1772552641317},{"is_buyer_maker":true,"price":1.5055,"quantity":0.1,"timestamp":1772552641317},{"is_buyer_maker":true,"price":1.5055,"quantity":2.9,"timestamp":1772552641317},{"is_buyer_maker":true,"price":1.5055,"quantity":1.3,"timestamp":1772552641317},{"is_buyer_maker":true,"price":1.5056,"quantity":2.2,"timestamp":1772552641317},{"is_buyer_maker":true,"price":1.5056,"quantity":6.7,"timestamp":1772552641317},{"is_buyer_maker":true,"price":1.5056,"quantity":1.5,"timestamp":1772552641317},{"is_buyer_maker":true,"price":1.5055,"quantity":0.1,"timestamp":1772552641317},{"is_buyer_maker":true,"price":1.5055,"quantity":2.9,"timestamp":1772552641317},{"is_buyer_maker":true,"price":1.5055,"quantity":1.3,"timestamp":1772552641317},{"is_buyer_maker":true,"price":1.5056,"quantity":2.2,"timestamp":1772552641317},{"is_buyer_maker":true,"price":1.5056,"quantity":6.7,"timestamp":1772552641317},{"is_buyer_maker":true,"price":1.5056,"quantity":1.5,"timestamp":1772552641317},{"is_buyer_maker":true,"price":1.5055,"quantity":0.1,"timestamp":1772552641317},{"is_buyer_maker":true,"price":1.5055,"quantity":2.9,"timestamp":1772552641317},{"is_buyer_maker":true,"price":1.5055,"quantity":1.3,"timestamp":1772552641317},{"is_buyer_maker":true,"price":1.5056,"quantity":2.2,"timestamp":1772552641317},{"is_buyer_maker":true,"price":1.5056,"quantity":6.7,"timestamp":1772552641317},{"is_buyer_maker":true,"price":1.5056,"quantity":1.5,"timestamp":1772552641317},{"is_buyer_maker":true,"price":1.5055,"quantity":0.1,"timestamp":1772552641317},{"is_buyer_maker":true,"price":1.5055,"quantity":2.9,"timestamp":1772552641317},{"is_buyer_maker":true,"price":1.5055,"quantity":1.3,"timestamp":1772552641317},{"is_buyer_maker":true,"price":1.5056,"quantity":2.2,"timestamp":1772552641317},{"is_buyer_maker":true,"price":1.5056,"quantity":6.7,"timestamp":1772552641317},{"is_buyer_maker":true,"price":1.5056,"quantity":1.5,"timestamp":1772552641317},{"is_buyer_maker":true,"price":1.5055,"quantity":0.1,"timestamp":1772552641317},{"is_buyer_maker":true,"price":1.5055,"quantity":2.9,"timestamp":1772552641317},{"is_buyer_maker":true,"price":1.5055,"quantity":1.3,"timestamp":1772552641317},{"is_buyer_maker":true,"price":1.5056,"quantity":2.2,"timestamp":1772552641317},{"is_buyer_maker":true,"price":1.5056,"quantity":6.7,"timestamp":1772552641317},{"is_buyer_maker":true,"price":1.5056,"quantity":1.5,"timestamp":1772552641317},{"is_buyer_maker":true,"price":1.5055,"quantity":0.1,"timestamp":1772552641317},{"is_buyer_maker":true,"price":1.5055,"quantity":2.9,"timestamp":1772552641317},{"is_buyer_maker":true,"price":1.5055,"quantity":1.3,"timestamp":1772552641317},{"is_buyer_maker":true,"price":1.5055,"quantity":5.4,"timestamp":1772552642324},{"is_buyer_maker":true,"price":1.5055,"quantity":41.1,"timestamp":1772552642324},{"is_buyer_maker":true,"price":1.5055,"quantity":5.4,"timestamp":1772552642324},{"is_buyer_maker":true,"price":1.5055,"quantity":41.1,"timestamp":1772552642324},{"is_buyer_maker":true,"price":1.5055,"quantity":5.4,"timestamp":1772552642324},{"is_buyer_maker":true,"price":1.5055,"quantity":41.1,"timestamp":1772552642324},{"is_buyer_maker":true,"price":1.5055,"quantity":5.4,"timestamp":1772552642324},{"is_buyer_maker":true,"price":1.5055,"quantity":41.1,"timestamp":1772552642324},{"is_buyer_maker":true,"price":1.5055,"quantity":5.4,"timestamp":1772552642324},{"is_buyer_maker":true,"price":1.5055,"quantity":41.1,"timestamp":1772552642324},{"is_buyer_maker":true,"price":1.5055,"quantity":5.4,"timestamp":1772552642324},{"is_buyer_maker":true,"price":1.5055,"quantity":41.1,"timestamp":1772552642324},{"is_buyer_maker":true,"price":1.5055,"quantity":5.4,"timestamp":1772552642324},{"is_buyer_maker":true,"price":1.5055,"quantity":41.1,"timestamp":1772552642324},{"is_buyer_maker":true,"price":1.5055,"quantity":5.4,"timestamp":1772552642324},{"is_buyer_maker":true,"price":1.5055,"quantity":41.1,"timestamp":1772552642324},{"is_buyer_maker":true,"price":1.5055,"quantity":5.4,"timestamp":1772552642324},{"is_buyer_maker":true,"price":1.5055,"quantity":41.1,"timestamp":1772552642324},{"is_buyer_maker":true,"price":1.5055,"quantity":5.4,"timestamp":1772552642324},{"is_buyer_maker":true,"price":1.5055,"quantity":41.1,"timestamp":1772552642324},{"is_buyer_maker":true,"price":1.5055,"quantity":5.4,"timestamp":1772552642324},{"is_buyer_maker":true,"price":1.5055,"quantity":41.1,"timestamp":1772552642324},{"is_buyer_maker":true,"price":1.5055,"quantity":5.4,"timestamp":1772552642324},{"is_buyer_maker":true,"price":1.5055,"quantity":41.1,"timestamp":1772552642324},{"is_buyer_maker":true,"price":1.5055,"quantity":5.4,"timestamp":1772552642324},{"is_buyer_maker":true,"price":1.5055,"quantity":41.1,"timestamp":1772552642324},{"is_buyer_maker":true,"price":1.5055,"quantity":5.4,"timestamp":1772552642324},{"is_buyer_maker":true,"price":1.5055,"quantity":41.1,"timestamp":1772552642324},{"is_buyer_maker":true,"price":1.5055,"quantity":5.4,"timestamp":1772552642324},{"is_buyer_maker":true,"price":1.5055,"quantity":41.1,"timestamp":1772552642324},{"is_buyer_maker":true,"price":1.5055,"quantity":5.4,"timestamp":1772552642324},{"is_buyer_maker":true,"price":1.5055,"quantity":41.1,"timestamp":1772552642324},{"is_buyer_maker":true,"price":1.5055,"quantity":5.4,"timestamp":1772552642324},{"is_buyer_maker":true,"price":1.5055,"quantity":41.1,"timestamp":1772552642324},{"is_buyer_maker":true,"price":1.5055,"quantity":5.4,"timestamp":1772552642324},{"is_buyer_maker":true,"price":1.5055,"quantity":41.1,"timestamp":1772552642324},{"is_buyer_maker":true,"price":1.5055,"quantity":5.4,"timestamp":1772552642324},{"is_buyer_maker":true,"price":1.5055,"quantity":41.1,"timestamp":1772552642324},{"is_buyer_maker":false,"price":1.5056,"quantity":6.6,"timestamp":1772552643771},{"is_buyer_maker":false,"price":1.5056,"quantity":46.5,"timestamp":1772552643771},{"is_buyer_maker":false,"price":1.5056,"quantity":5.9,"timestamp":1772552643771},{"is_buyer_maker":false,"price":1.5056,"quantity":6.7,"timestamp":1772552643771},{"is_buyer_maker":false,"price":1.5056,"quantity":119.7,"timestamp":1772552643771},{"is_buyer_maker":false,"price":1.5056,"quantity":6.6,"timestamp":1772552643771},{"is_buyer_maker":false,"price":1.5056,"quantity":46.5,"timestamp":1772552643771},{"is_buyer_maker":false,"price":1.5056,"quantity":5.9,"timestamp":1772552643771},{"is_buyer_maker":false,"price":1.5056,"quantity":6.7,"timestamp":1772552643771},{"is_buyer_maker":false,"price":1.5056,"quantity":119.7,"timestamp":1772552643771},{"is_buyer_maker":false,"price":1.5056,"quantity":6.6,"timestamp":1772552643771},{"is_buyer_maker":false,"price":1.5056,"quantity":46.5,"timestamp":1772552643771},{"is_buyer_maker":false,"price":1.5056,"quantity":5.9,"timestamp":1772552643771},{"is_buyer_maker":false,"price":1.5056,"quantity":6.7,"timestamp":1772552643771},{"is_buyer_maker":false,"price":1.5056,"quantity":119.7,"timestamp":1772552643771},{"is_buyer_maker":false,"price":1.5056,"quantity":6.6,"timestamp":1772552643771},{"is_buyer_maker":false,"price":1.5056,"quantity":46.5,"timestamp":1772552643771},{"is_buyer_maker":false,"price":1.5056,"quantity":5.9,"timestamp":1772552643771},{"is_buyer_maker":false,"price":1.5056,"quantity":6.7,"timestamp":1772552643771},{"is_buyer_maker":false,"price":1.5056,"quantity":119.7,"timestamp":1772552643771},{"is_buyer_maker":false,"price":1.5056,"quantity":6.6,"timestamp":1772552643771},{"is_buyer_maker":false,"price":1.5056,"quantity":46.5,"timestamp":1772552643771},{"is_buyer_maker":false,"price":1.5056,"quantity":5.9,"timestamp":1772552643771},{"is_buyer_maker":false,"price":1.5056,"quantity":6.7,"timestamp":1772552643771},{"is_buyer_maker":false,"price":1.5056,"quantity":119.7,"timestamp":1772552643771},{"is_buyer_maker":false,"price":1.5056,"quantity":6.6,"timestamp":1772552643771},{"is_buyer_maker":false,"price":1.5056,"quantity":46.5,"timestamp":1772552643771},{"is_buyer_maker":false,"price":1.5056,"quantity":5.9,"timestamp":1772552643771},{"is_buyer_maker":false,"price":1.5056,"quantity":6.7,"timestamp":1772552643771},{"is_buyer_maker":false,"price":1.5056,"quantity":119.7,"timestamp":1772552643771},{"is_buyer_maker":false,"price":1.5056,"quantity":6.6,"timestamp":1772552643771},{"is_buyer_maker":false,"price":1.5056,"quantity":46.5,"timestamp":1772552643771},{"is_buyer_maker":false,"price":1.5056,"quantity":5.9,"timestamp":1772552643771},{"is_buyer_maker":false,"price":1.5056,"quantity":6.7,"timestamp":1772552643771},{"is_buyer_maker":false,"price":1.5056,"quantity":119.7,"timestamp":1772552643771},{"is_buyer_maker":false,"price":1.5056,"quantity":6.6,"timestamp":1772552643771},{"is_buyer_maker":false,"price":1.5056,"quantity":46.5,"timestamp":1772552643771},{"is_buyer_maker":false,"price":1.5056,"quantity":5.9,"timestamp":1772552643771},{"is_buyer_maker":false,"price":1.5056,"quantity":6.7,"timestamp":1772552643771},{"is_buyer_maker":false,"price":1.5056,"quantity":119.7,"timestamp":1772552643771},{"is_buyer_maker":false,"price":1.5056,"quantity":6.6,"timestamp":1772552643771},{"is_buyer_maker":false,"price":1.5056,"quantity":46.5,"timestamp":1772552643771},{"is_buyer_maker":false,"price":1.5056,"quantity":5.9,"timestamp":1772552643771},{"is_buyer_maker":false,"price":1.5056,"quantity":6.7,"timestamp":1772552643771},{"is_buyer_maker":false,"price":1.5056,"quantity":119.7,"timestamp":1772552643771},{"is_buyer_maker":false,"price":1.5056,"quantity":6.6,"timestamp":1772552643771},{"is_buyer_maker":false,"price":1.5056,"quantity":46.5,"timestamp":1772552643771},{"is_buyer_maker":false,"price":1.5056,"quantity":5.9,"timestamp":1772552643771},{"is_buyer_maker":false,"price":1.5056,"quantity":6.7,"timestamp":1772552643771},{"is_buyer_maker":false,"price":1.5056,"quantity":119.7,"timestamp":1772552643771},{"is_buyer_maker":false,"price":1.5056,"quantity":6.6,"timestamp":1772552643771},{"is_buyer_maker":false,"price":1.5056,"quantity":46.5,"timestamp":1772552643771},{"is_buyer_maker":false,"price":1.5056,"quantity":5.9,"timestamp":1772552643771},{"is_buyer_maker":false,"price":1.5056,"quantity":6.7,"timestamp":1772552643771},{"is_buyer_maker":false,"price":1.5056,"quantity":119.7,"timestamp":1772552643771},{"is_buyer_maker":false,"price":1.5056,"quantity":6.6,"timestamp":1772552643771},{"is_buyer_maker":false,"price":1.5056,"quantity":46.5,"timestamp":1772552643771},{"is_buyer_maker":false,"price":1.5056,"quantity":5.9,"timestamp":1772552643771},{"is_buyer_maker":false,"price":1.5056,"quantity":6.7,"timestamp":1772552643771},{"is_buyer_maker":false,"price":1.5056,"quantity":119.7,"timestamp":1772552643771},{"is_buyer_maker":false,"price":1.5056,"quantity":6.6,"timestamp":1772552643771},{"is_buyer_maker":false,"price":1.5056,"quantity":46.5,"timestamp":1772552643771},{"is_buyer_maker":false,"price":1.5056,"quantity":5.9,"timestamp":1772552643771},{"is_buyer_maker":false,"price":1.5056,"quantity":6.7,"timestamp":1772552643771},{"is_buyer_maker":false,"price":1.5056,"quantity":119.7,"timestamp":1772552643771},{"is_buyer_maker":false,"price":1.5056,"quantity":6.6,"timestamp":1772552643771},{"is_buyer_maker":false,"price":1.5056,"quantity":46.5,"timestamp":1772552643771},{"is_buyer_maker":false,"price":1.5056,"quantity":5.9,"timestamp":1772552643771},{"is_buyer_maker":false,"price":1.5056,"quantity":6.7,"timestamp":1772552643771},{"is_buyer_maker":false,"price":1.5056,"quantity":119.7,"timestamp":1772552643771},{"is_buyer_maker":false,"price":1.5056,"quantity":6.6,"timestamp":1772552643771},{"is_buyer_maker":false,"price":1.5056,"quantity":46.5,"timestamp":1772552643771},{"is_buyer_maker":false,"price":1.5056,"quantity":5.9,"timestamp":1772552643771},{"is_buyer_maker":false,"price":1.5056,"quantity":6.7,"timestamp":1772552643771},{"is_buyer_maker":false,"price":1.5056,"quantity":119.7,"timestamp":1772552643771},{"is_buyer_maker":false,"price":1.5056,"quantity":6.6,"timestamp":1772552643771},{"is_buyer_maker":false,"price":1.5056,"quantity":46.5,"timestamp":1772552643771},{"is_buyer_maker":false,"price":1.5056,"quantity":5.9,"timestamp":1772552643771},{"is_buyer_maker":false,"price":1.5056,"quantity":6.7,"timestamp":1772552643771},{"is_buyer_maker":false,"price":1.5056,"quantity":119.7,"timestamp":1772552643771},{"is_buyer_maker":false,"price":1.5056,"quantity":6.6,"timestamp":1772552643771},{"is_buyer_maker":false,"price":1.5056,"quantity":46.5,"timestamp":1772552643771},{"is_buyer_maker":false,"price":1.5056,"quantity":5.9,"timestamp":1772552643771},{"is_buyer_maker":false,"price":1.5056,"quantity":6.7,"timestamp":1772552643771},{"is_buyer_maker":false,"price":1.5056,"quantity":119.7,"timestamp":1772552643771},{"is_buyer_maker":false,"price":1.5056,"quantity":6.6,"timestamp":1772552643771},{"is_buyer_maker":false,"price":1.5056,"quantity":46.5,"timestamp":1772552643771},{"is_buyer_maker":false,"price":1.5056,"quantity":5.9,"timestamp":1772552643771},{"is_buyer_maker":false,"price":1.5056,"quantity":6.7,"timestamp":1772552643771},{"is_buyer_maker":false,"price":1.5056,"quantity":119.7,"timestamp":1772552643771},{"is_buyer_maker":false,"price":1.5056,"quantity":6.6,"timestamp":1772552643771},{"is_buyer_maker":false,"price":1.5056,"quantity":46.5,"timestamp":1772552643771},{"is_buyer_maker":false,"price":1.5056,"quantity":5.9,"timestamp":1772552643771},{"is_buyer_maker":false,"price":1.5056,"quantity":6.7,"timestamp":1772552643771},{"is_buyer_maker":false,"price":1.5056,"quantity":119.7,"timestamp":1772552643771},{"is_buyer_maker":false,"price":1.5057,"quantity":6.6,"timestamp":1772552643780},{"is_buyer_maker":false,"price":1.5058,"quantity":6.6,"timestamp":1772552643801},{"is_buyer_maker":false,"price":1.5058,"quantity":7.1,"timestamp":1772552643801},{"is_buyer_maker":false,"price":1.5058,"quantity":6.6,"timestamp":1772552643801},{"is_buyer_maker":false,"price":1.5058,"quantity":7.1,"timestamp":1772552643801},{"is_buyer_maker":false,"price":1.5058,"quantity":6.6,"timestamp":1772552643801},{"is_buyer_maker":false,"price":1.5058,"quantity":7.1,"timestamp":1772552643801},{"is_buyer_maker":false,"price":1.5058,"quantity":6.6,"timestamp":1772552643801},{"is_buyer_maker":false,"price":1.5058,"quantity":7.1,"timestamp":1772552643801},{"is_buyer_maker":false,"price":1.5058,"quantity":6.6,"timestamp":1772552643801},{"is_buyer_maker":false,"price":1.5058,"quantity":7.1,"timestamp":1772552643801},{"is_buyer_maker":false,"price":1.5058,"quantity":6.6,"timestamp":1772552643801},{"is_buyer_maker":false,"price":1.5058,"quantity":7.1,"timestamp":1772552643801},{"is_buyer_maker":false,"price":1.5058,"quantity":6.6,"timestamp":1772552643801},{"is_buyer_maker":false,"price":1.5058,"quantity":7.1,"timestamp":1772552643801},{"is_buyer_maker":false,"price":1.5058,"quantity":6.6,"timestamp":1772552643801},{"is_buyer_maker":false,"price":1.5058,"quantity":7.1,"timestamp":1772552643801},{"is_buyer_maker":false,"price":1.5058,"quantity":6.6,"timestamp":1772552643801},{"is_buyer_maker":false,"price":1.5058,"quantity":7.1,"timestamp":1772552643801},{"is_buyer_maker":false,"price":1.5058,"quantity":6.6,"timestamp":1772552643801},{"is_buyer_maker":false,"price":1.5058,"quantity":7.1,"timestamp":1772552643801},{"is_buyer_maker":false,"price":1.5058,"quantity":6.6,"timestamp":1772552643801},{"is_buyer_maker":false,"price":1.5058,"quantity":7.1,"timestamp":1772552643801},{"is_buyer_maker":false,"price":1.5058,"quantity":6.6,"timestamp":1772552643801},{"is_buyer_maker":false,"price":1.5058,"quantity":7.1,"timestamp":1772552643801},{"is_buyer_maker":false,"price":1.5058,"quantity":6.6,"timestamp":1772552643801},{"is_buyer_maker":false,"price":1.5058,"quantity":7.1,"timestamp":1772552643801},{"is_buyer_maker":false,"price":1.5058,"quantity":6.6,"timestamp":1772552643801},{"is_buyer_maker":false,"price":1.5058,"quantity":7.1,"timestamp":1772552643801},{"is_buyer_maker":false,"price":1.5058,"quantity":6.6,"timestamp":1772552643801},{"is_buyer_maker":false,"price":1.5058,"quantity":7.1,"timestamp":1772552643801},{"is_buyer_maker":false,"price":1.5058,"quantity":6.6,"timestamp":1772552643801},{"is_buyer_maker":false,"price":1.5058,"quantity":7.1,"timestamp":1772552643801},{"is_buyer_maker":false,"price":1.5058,"quantity":6.6,"timestamp":1772552643801},{"is_buyer_maker":false,"price":1.5058,"quantity":7.1,"timestamp":1772552643801},{"is_buyer_maker":false,"price":1.5058,"quantity":6.6,"timestamp":1772552643801},{"is_buyer_maker":false,"price":1.5058,"quantity":7.1,"timestamp":1772552643801},{"is_buyer_maker":false,"price":1.5058,"quantity":6.6,"timestamp":1772552643801},{"is_buyer_maker":false,"price":1.5058,"quantity":7.1,"timestamp":1772552643801},{"is_buyer_maker":false,"price":1.5059,"quantity":6.6,"timestamp":1772552643845},{"is_buyer_maker":false,"price":1.5059,"quantity":7.3,"timestamp":1772552643845},{"is_buyer_maker":false,"price":1.5059,"quantity":14.7,"timestamp":1772552643845},{"is_buyer_maker":false,"price":1.5059,"quantity":6.6,"timestamp":1772552643845},{"is_buyer_maker":false,"price":1.5059,"quantity":7.3,"timestamp":1772552643845},{"is_buyer_maker":false,"price":1.5059,"quantity":14.7,"timestamp":1772552643845},{"is_buyer_maker":false,"price":1.5059,"quantity":6.6,"timestamp":1772552643845},{"is_buyer_maker":false,"price":1.5059,"quantity":7.3,"timestamp":1772552643845},{"is_buyer_maker":false,"price":1.5059,"quantity":14.7,"timestamp":1772552643845},{"is_buyer_maker":false,"price":1.5059,"quantity":6.6,"timestamp":1772552643845},{"is_buyer_maker":false,"price":1.5059,"quantity":7.3,"timestamp":1772552643845},{"is_buyer_maker":false,"price":1.5059,"quantity":14.7,"timestamp":1772552643845},{"is_buyer_maker":false,"price":1.5059,"quantity":6.6,"timestamp":1772552643845},{"is_buyer_maker":false,"price":1.5059,"quantity":7.3,"timestamp":1772552643845},{"is_buyer_maker":false,"price":1.5059,"quantity":14.7,"timestamp":1772552643845},{"is_buyer_maker":false,"price":1.5059,"quantity":6.6,"timestamp":1772552643845},{"is_buyer_maker":false,"price":1.5059,"quantity":7.3,"timestamp":1772552643845},{"is_buyer_maker":false,"price":1.5059,"quantity":14.7,"timestamp":1772552643845},{"is_buyer_maker":false,"price":1.5059,"quantity":6.6,"timestamp":1772552643845},{"is_buyer_maker":false,"price":1.5059,"quantity":7.3,"timestamp":1772552643845},{"is_buyer_maker":false,"price":1.5059,"quantity":14.7,"timestamp":1772552643845},{"is_buyer_maker":false,"price":1.5059,"quantity":6.6,"timestamp":1772552643845},{"is_buyer_maker":false,"price":1.5059,"quantity":7.3,"timestamp":1772552643845},{"is_buyer_maker":false,"price":1.5059,"quantity":14.7,"timestamp":1772552643845},{"is_buyer_maker":false,"price":1.5059,"quantity":6.6,"timestamp":1772552643845},{"is_buyer_maker":false,"price":1.5059,"quantity":7.3,"timestamp":1772552643845},{"is_buyer_maker":false,"price":1.5059,"quantity":14.7,"timestamp":1772552643845},{"is_buyer_maker":false,"price":1.5059,"quantity":6.6,"timestamp":1772552643845},{"is_buyer_maker":false,"price":1.5059,"quantity":7.3,"timestamp":1772552643845},{"is_buyer_maker":false,"price":1.5059,"quantity":14.7,"timestamp":1772552643845},{"is_buyer_maker":false,"price":1.5059,"quantity":6.6,"timestamp":1772552643845},{"is_buyer_maker":false,"price":1.5059,"quantity":7.3,"timestamp":1772552643845},{"is_buyer_maker":false,"price":1.5059,"quantity":14.7,"timestamp":1772552643845},{"is_buyer_maker":false,"price":1.5059,"quantity":6.6,"timestamp":1772552643845},{"is_buyer_maker":false,"price":1.5059,"quantity":7.3,"timestamp":1772552643845},{"is_buyer_maker":false,"price":1.5059,"quantity":14.7,"timestamp":1772552643845},{"is_buyer_maker":false,"price":1.5059,"quantity":6.6,"timestamp":1772552643845},{"is_buyer_maker":false,"price":1.5059,"quantity":7.3,"timestamp":1772552643845},{"is_buyer_maker":false,"price":1.5059,"quantity":14.7,"timestamp":1772552643845},{"is_buyer_maker":false,"price":1.5059,"quantity":6.6,"timestamp":1772552643845},{"is_buyer_maker":false,"price":1.5059,"quantity":7.3,"timestamp":1772552643845},{"is_buyer_maker":false,"price":1.5059,"quantity":14.7,"timestamp":1772552643845},{"is_buyer_maker":false,"price":1.5059,"quantity":6.6,"timestamp":1772552643845},{"is_buyer_maker":false,"price":1.5059,"quantity":7.3,"timestamp":1772552643845},{"is_buyer_maker":false,"price":1.5059,"quantity":14.7,"timestamp":1772552643845},{"is_buyer_maker":false,"price":1.5059,"quantity":6.6,"timestamp":1772552643845},{"is_buyer_maker":false,"price":1.5059,"quantity":7.3,"timestamp":1772552643845},{"is_buyer_maker":false,"price":1.5059,"quantity":14.7,"timestamp":1772552643845},{"is_buyer_maker":false,"price":1.5059,"quantity":6.6,"timestamp":1772552643845},{"is_buyer_maker":false,"price":1.5059,"quantity":7.3,"timestamp":1772552643845},{"is_buyer_maker":false,"price":1.5059,"quantity":14.7,"timestamp":1772552643845},{"is_buyer_maker":false,"price":1.5059,"quantity":6.6,"timestamp":1772552643845},{"is_buyer_maker":false,"price":1.5059,"quantity":7.3,"timestamp":1772552643845},{"is_buyer_maker":false,"price":1.5059,"quantity":14.7,"timestamp":1772552643845},{"is_buyer_maker":false,"price":1.5059,"quantity":6.6,"timestamp":1772552643845},{"is_buyer_maker":false,"price":1.5059,"quantity":7.3,"timestamp":1772552643845},{"is_buyer_maker":false,"price":1.5059,"quantity":14.7,"timestamp":1772552643845},{"is_buyer_maker":false,"price":1.506,"quantity":6.6,"timestamp":1772552643992},{"is_buyer_maker":false,"price":1.506,"quantity":3.7,"timestamp":1772552643992},{"is_buyer_maker":false,"price":1.506,"quantity":6.6,"timestamp":1772552643992},{"is_buyer_maker":false,"price":1.506,"quantity":3.7,"timestamp":1772552643992},{"is_buyer_maker":false,"price":1.506,"quantity":6.6,"timestamp":1772552643992},{"is_buyer_maker":false,"price":1.506,"quantity":3.7,"timestamp":1772552643992},{"is_buyer_maker":false,"price":1.506,"quantity":6.6,"timestamp":1772552643992},{"is_buyer_maker":false,"price":1.506,"quantity":3.7,"timestamp":1772552643992},{"is_buyer_maker":false,"price":1.506,"quantity":6.6,"timestamp":1772552643992},{"is_buyer_maker":false,"price":1.506,"quantity":3.7,"timestamp":1772552643992},{"is_buyer_maker":false,"price":1.506,"quantity":6.6,"timestamp":1772552643992},{"is_buyer_maker":false,"price":1.506,"quantity":3.7,"timestamp":1772552643992},{"is_buyer_maker":false,"price":1.506,"quantity":6.6,"timestamp":1772552643992},{"is_buyer_maker":false,"price":1.506,"quantity":3.7,"timestamp":1772552643992},{"is_buyer_maker":false,"price":1.506,"quantity":6.6,"timestamp":1772552643992},{"is_buyer_maker":false,"price":1.506,"quantity":3.7,"timestamp":1772552643992},{"is_buyer_maker":false,"price":1.506,"quantity":6.6,"timestamp":1772552643992},{"is_buyer_maker":false,"price":1.506,"quantity":3.7,"timestamp":1772552643992},{"is_buyer_maker":false,"price":1.506,"quantity":6.6,"timestamp":1772552643992},{"is_buyer_maker":false,"price":1.506,"quantity":3.7,"timestamp":1772552643992},{"is_buyer_maker":false,"price":1.506,"quantity":6.6,"timestamp":1772552643992},{"is_buyer_maker":false,"price":1.506,"quantity":3.7,"timestamp":1772552643992},{"is_buyer_maker":false,"price":1.506,"quantity":6.6,"timestamp":1772552643992},{"is_buyer_maker":false,"price":1.506,"quantity":3.7,"timestamp":1772552643992},{"is_buyer_maker":false,"price":1.506,"quantity":6.6,"timestamp":1772552643992},{"is_buyer_maker":false,"price":1.506,"quantity":3.7,"timestamp":1772552643992},{"is_buyer_maker":false,"price":1.506,"quantity":6.6,"timestamp":1772552643992},{"is_buyer_maker":false,"price":1.506,"quantity":3.7,"timestamp":1772552643992},{"is_buyer_maker":false,"price":1.506,"quantity":6.6,"timestamp":1772552643992},{"is_buyer_maker":false,"price":1.506,"quantity":3.7,"timestamp":1772552643992},{"is_buyer_maker":false,"price":1.506,"quantity":6.6,"timestamp":1772552643992},{"is_buyer_maker":false,"price":1.506,"quantity":3.7,"timestamp":1772552643992},{"is_buyer_maker":false,"price":1.506,"quantity":6.6,"timestamp":1772552643992},{"is_buyer_maker":false,"price":1.506,"quantity":3.7,"timestamp":1772552643992},{"is_buyer_maker":false,"price":1.506,"quantity":6.6,"timestamp":1772552643992},{"is_buyer_maker":false,"price":1.506,"quantity":3.7,"timestamp":1772552643992},{"is_buyer_maker":false,"price":1.506,"quantity":6.6,"timestamp":1772552643992},{"is_buyer_maker":false,"price":1.506,"quantity":3.7,"timestamp":1772552643992},{"is_buyer_maker":false,"price":1.5061,"quantity":6.6,"timestamp":1772552644033},{"is_buyer_maker":false,"price":1.5062,"quantity":6.6,"timestamp":1772552644146},{"is_buyer_maker":false,"price":1.5062,"quantity":5.0,"timestamp":1772552644146},{"is_buyer_maker":false,"price":1.5062,"quantity":3.7,"timestamp":1772552644146},{"is_buyer_maker":false,"price":1.5062,"quantity":6.6,"timestamp":1772552644146},{"is_buyer_maker":false,"price":1.5062,"quantity":5.0,"timestamp":1772552644146},{"is_buyer_maker":false,"price":1.5062,"quantity":3.7,"timestamp":1772552644146},{"is_buyer_maker":false,"price":1.5062,"quantity":6.6,"timestamp":1772552644146},{"is_buyer_maker":false,"price":1.5062,"quantity":5.0,"timestamp":1772552644146},{"is_buyer_maker":false,"price":1.5062,"quantity":3.7,"timestamp":1772552644146},{"is_buyer_maker":false,"price":1.5062,"quantity":6.6,"timestamp":1772552644146},{"is_buyer_maker":false,"price":1.5062,"quantity":5.0,"timestamp":1772552644146},{"is_buyer_maker":false,"price":1.5062,"quantity":3.7,"timestamp":1772552644146},{"is_buyer_maker":false,"price":1.5062,"quantity":6.6,"timestamp":1772552644146},{"is_buyer_maker":false,"price":1.5062,"quantity":5.0,"timestamp":1772552644146},{"is_buyer_maker":false,"price":1.5062,"quantity":3.7,"timestamp":1772552644146},{"is_buyer_maker":false,"price":1.5062,"quantity":6.6,"timestamp":1772552644146},{"is_buyer_maker":false,"price":1.5062,"quantity":5.0,"timestamp":1772552644146},{"is_buyer_maker":false,"price":1.5062,"quantity":3.7,"timestamp":1772552644146},{"is_buyer_maker":false,"price":1.5062,"quantity":6.6,"timestamp":1772552644146},{"is_buyer_maker":false,"price":1.5062,"quantity":5.0,"timestamp":1772552644146},{"is_buyer_maker":false,"price":1.5062,"quantity":3.7,"timestamp":1772552644146},{"is_buyer_maker":false,"price":1.5062,"quantity":6.6,"timestamp":1772552644146},{"is_buyer_maker":false,"price":1.5062,"quantity":5.0,"timestamp":1772552644146},{"is_buyer_maker":false,"price":1.5062,"quantity":3.7,"timestamp":1772552644146},{"is_buyer_maker":false,"price":1.5062,"quantity":6.6,"timestamp":1772552644146},{"is_buyer_maker":false,"price":1.5062,"quantity":5.0,"timestamp":1772552644146},{"is_buyer_maker":false,"price":1.5062,"quantity":3.7,"timestamp":1772552644146},{"is_buyer_maker":false,"price":1.5062,"quantity":6.6,"timestamp":1772552644146},{"is_buyer_maker":false,"price":1.5062,"quantity":5.0,"timestamp":1772552644146},{"is_buyer_maker":false,"price":1.5062,"quantity":3.7,"timestamp":1772552644146},{"is_buyer_maker":false,"price":1.5062,"quantity":6.6,"timestamp":1772552644146},{"is_buyer_maker":false,"price":1.5062,"quantity":5.0,"timestamp":1772552644146},{"is_buyer_maker":false,"price":1.5062,"quantity":3.7,"timestamp":1772552644146},{"is_buyer_maker":false,"price":1.5062,"quantity":6.6,"timestamp":1772552644146},{"is_buyer_maker":false,"price":1.5062,"quantity":5.0,"timestamp":1772552644146},{"is_buyer_maker":false,"price":1.5062,"quantity":3.7,"timestamp":1772552644146},{"is_buyer_maker":false,"price":1.5062,"quantity":6.6,"timestamp":1772552644146},{"is_buyer_maker":false,"price":1.5062,"quantity":5.0,"timestamp":1772552644146},{"is_buyer_maker":false,"price":1.5062,"quantity":3.7,"timestamp":1772552644146},{"is_buyer_maker":false,"price":1.5062,"quantity":6.6,"timestamp":1772552644146},{"is_buyer_maker":false,"price":1.5062,"quantity":5.0,"timestamp":1772552644146},{"is_buyer_maker":false,"price":1.5062,"quantity":3.7,"timestamp":1772552644146},{"is_buyer_maker":false,"price":1.5062,"quantity":6.6,"timestamp":1772552644146},{"is_buyer_maker":false,"price":1.5062,"quantity":5.0,"timestamp":1772552644146},{"is_buyer_maker":false,"price":1.5062,"quantity":3.7,"timestamp":1772552644146},{"is_buyer_maker":false,"price":1.5062,"quantity":6.6,"timestamp":1772552644146},{"is_buyer_maker":false,"price":1.5062,"quantity":5.0,"timestamp":1772552644146},{"is_buyer_maker":false,"price":1.5062,"quantity":3.7,"timestamp":1772552644146},{"is_buyer_maker":false,"price":1.5062,"quantity":6.6,"timestamp":1772552644146},{"is_buyer_maker":false,"price":1.5062,"quantity":5.0,"timestamp":1772552644146},{"is_buyer_maker":false,"price":1.5062,"quantity":3.7,"timestamp":1772552644146},{"is_buyer_maker":false,"price":1.5062,"quantity":6.6,"timestamp":1772552644146},{"is_buyer_maker":false,"price":1.5062,"quantity":5.0,"timestamp":1772552644146},{"is_buyer_maker":false,"price":1.5062,"quantity":3.7,"timestamp":1772552644146},{"is_buyer_maker":false,"price":1.5062,"quantity":6.6,"timestamp":1772552644146},{"is_buyer_maker":false,"price":1.5062,"quantity":5.0,"timestamp":1772552644146},{"is_buyer_maker":false,"price":1.5062,"quantity":3.7,"timestamp":1772552644146},{"is_buyer_maker":true,"price":1.5062,"quantity":3.5,"timestamp":1772552644700},{"is_buyer_maker":false,"price":1.5063,"quantity":6.7,"timestamp":1772552644975},{"is_buyer_maker":false,"price":1.5063,"quantity":82.0,"timestamp":1772552644975},{"is_buyer_maker":false,"price":1.5063,"quantity":6.7,"timestamp":1772552644975},{"is_buyer_maker":false,"price":1.5063,"quantity":82.0,"timestamp":1772552644975},{"is_buyer_maker":false,"price":1.5063,"quantity":6.7,"timestamp":1772552644975},{"is_buyer_maker":false,"price":1.5063,"quantity":82.0,"timestamp":1772552644975},{"is_buyer_maker":false,"price":1.5063,"quantity":6.7,"timestamp":1772552644975},{"is_buyer_maker":false,"price":1.5063,"quantity":82.0,"timestamp":1772552644975},{"is_buyer_maker":false,"price":1.5063,"quantity":6.7,"timestamp":1772552644975},{"is_buyer_maker":false,"price":1.5063,"quantity":82.0,"timestamp":1772552644975},{"is_buyer_maker":false,"price":1.5063,"quantity":6.7,"timestamp":1772552644975},{"is_buyer_maker":false,"price":1.5063,"quantity":82.0,"timestamp":1772552644975},{"is_buyer_maker":false,"price":1.5063,"quantity":6.7,"timestamp":1772552644975},{"is_buyer_maker":false,"price":1.5063,"quantity":82.0,"timestamp":1772552644975},{"is_buyer_maker":false,"price":1.5063,"quantity":6.7,"timestamp":1772552644975},{"is_buyer_maker":false,"price":1.5063,"quantity":82.0,"timestamp":1772552644975},{"is_buyer_maker":false,"price":1.5063,"quantity":6.7,"timestamp":1772552644975},{"is_buyer_maker":false,"price":1.5063,"quantity":82.0,"timestamp":1772552644975},{"is_buyer_maker":false,"price":1.5063,"quantity":6.7,"timestamp":1772552644975},{"is_buyer_maker":false,"price":1.5063,"quantity":82.0,"timestamp":1772552644975},{"is_buyer_maker":false,"price":1.5063,"quantity":6.7,"timestamp":1772552644975},{"is_buyer_maker":false,"price":1.5063,"quantity":82.0,"timestamp":1772552644975},{"is_buyer_maker":false,"price":1.5063,"quantity":6.7,"timestamp":1772552644975},{"is_buyer_maker":false,"price":1.5063,"quantity":82.0,"timestamp":1772552644975},{"is_buyer_maker":false,"price":1.5063,"quantity":6.7,"timestamp":1772552644975},{"is_buyer_maker":false,"price":1.5063,"quantity":82.0,"timestamp":1772552644975},{"is_buyer_maker":false,"price":1.5063,"quantity":6.7,"timestamp":1772552644975},{"is_buyer_maker":false,"price":1.5063,"quantity":82.0,"timestamp":1772552644975},{"is_buyer_maker":false,"price":1.5063,"quantity":6.7,"timestamp":1772552644975},{"is_buyer_maker":false,"price":1.5063,"quantity":82.0,"timestamp":1772552644975},{"is_buyer_maker":false,"price":1.5063,"quantity":6.7,"timestamp":1772552644975},{"is_buyer_maker":false,"price":1.5063,"quantity":82.0,"timestamp":1772552644975},{"is_buyer_maker":false,"price":1.5063,"quantity":6.7,"timestamp":1772552644975},{"is_buyer_maker":false,"price":1.5063,"quantity":82.0,"timestamp":1772552644975},{"is_buyer_maker":false,"price":1.5063,"quantity":6.7,"timestamp":1772552644975},{"is_buyer_maker":false,"price":1.5063,"quantity":82.0,"timestamp":1772552644975},{"is_buyer_maker":false,"price":1.5063,"quantity":6.7,"timestamp":1772552644975},{"is_buyer_maker":false,"price":1.5063,"quantity":82.0,"timestamp":1772552644975},{"is_buyer_maker":false,"price":1.5064,"quantity":5.0,"timestamp":1772552645528},{"is_buyer_maker":false,"price":1.5064,"quantity":3.7,"timestamp":1772552645528},{"is_buyer_maker":false,"price":1.5064,"quantity":5.0,"timestamp":1772552645528},{"is_buyer_maker":false,"price":1.5064,"quantity":3.7,"timestamp":1772552645528},{"is_buyer_maker":false,"price":1.5064,"quantity":5.0,"timestamp":1772552645528},{"is_buyer_maker":false,"price":1.5064,"quantity":3.7,"timestamp":1772552645528},{"is_buyer_maker":false,"price":1.5064,"quantity":5.0,"timestamp":1772552645528},{"is_buyer_maker":false,"price":1.5064,"quantity":3.7,"timestamp":1772552645528},{"is_buyer_maker":false,"price":1.5064,"quantity":5.0,"timestamp":1772552645528},{"is_buyer_maker":false,"price":1.5064,"quantity":3.7,"timestamp":1772552645528},{"is_buyer_maker":false,"price":1.5064,"quantity":5.0,"timestamp":1772552645528},{"is_buyer_maker":false,"price":1.5064,"quantity":3.7,"timestamp":1772552645528},{"is_buyer_maker":false,"price":1.5064,"quantity":5.0,"timestamp":1772552645528},{"is_buyer_maker":false,"price":1.5064,"quantity":3.7,"timestamp":1772552645528},{"is_buyer_maker":false,"price":1.5064,"quantity":5.0,"timestamp":1772552645528},{"is_buyer_maker":false,"price":1.5064,"quantity":3.7,"timestamp":1772552645528},{"is_buyer_maker":false,"price":1.5064,"quantity":5.0,"timestamp":1772552645528},{"is_buyer_maker":false,"price":1.5064,"quantity":3.7,"timestamp":1772552645528},{"is_buyer_maker":false,"price":1.5064,"quantity":5.0,"timestamp":1772552645528},{"is_buyer_maker":false,"price":1.5064,"quantity":3.7,"timestamp":1772552645528},{"is_buyer_maker":false,"price":1.5064,"quantity":5.0,"timestamp":1772552645528},{"is_buyer_maker":false,"price":1.5064,"quantity":3.7,"timestamp":1772552645528},{"is_buyer_maker":false,"price":1.5064,"quantity":5.0,"timestamp":1772552645528},{"is_buyer_maker":false,"price":1.5064,"quantity":3.7,"timestamp":1772552645528},{"is_buyer_maker":false,"price":1.5064,"quantity":5.0,"timestamp":1772552645528},{"is_buyer_maker":false,"price":1.5064,"quantity":3.7,"timestamp":1772552645528},{"is_buyer_maker":false,"price":1.5064,"quantity":5.0,"timestamp":1772552645528},{"is_buyer_maker":false,"price":1.5064,"quantity":3.7,"timestamp":1772552645528},{"is_buyer_maker":false,"price":1.5064,"quantity":5.0,"timestamp":1772552645528},{"is_buyer_maker":false,"price":1.5064,"quantity":3.7,"timestamp":1772552645528},{"is_buyer_maker":false,"price":1.5064,"quantity":5.0,"timestamp":1772552645528},{"is_buyer_maker":false,"price":1.5064,"quantity":3.7,"timestamp":1772552645528},{"is_buyer_maker":false,"price":1.5064,"quantity":5.0,"timestamp":1772552645528},{"is_buyer_maker":false,"price":1.5064,"quantity":3.7,"timestamp":1772552645528},{"is_buyer_maker":false,"price":1.5064,"quantity":5.0,"timestamp":1772552645528},{"is_buyer_maker":false,"price":1.5064,"quantity":3.7,"timestamp":1772552645528},{"is_buyer_maker":false,"price":1.5064,"quantity":5.0,"timestamp":1772552645528},{"is_buyer_maker":false,"price":1.5064,"quantity":3.7,"timestamp":1772552645528},{"is_buyer_maker":false,"price":1.5065,"quantity":3.4,"timestamp":1772552645536},{"is_buyer_maker":false,"price":1.5066,"quantity":6.6,"timestamp":1772552645536},{"is_buyer_maker":false,"price":1.5066,"quantity":3.4,"timestamp":1772552645536},{"is_buyer_maker":false,"price":1.5066,"quantity":5.0,"timestamp":1772552645536},{"is_buyer_maker":false,"price":1.5066,"quantity":3.7,"timestamp":1772552645536},{"is_buyer_maker":false,"price":1.5065,"quantity":3.4,"timestamp":1772552645536},{"is_buyer_maker":false,"price":1.5066,"quantity":6.6,"timestamp":1772552645536},{"is_buyer_maker":false,"price":1.5066,"quantity":3.4,"timestamp":1772552645536},{"is_buyer_maker":false,"price":1.5066,"quantity":5.0,"timestamp":1772552645536},{"is_buyer_maker":false,"price":1.5066,"quantity":3.7,"timestamp":1772552645536},{"is_buyer_maker":false,"price":1.5065,"quantity":3.4,"timestamp":1772552645536},{"is_buyer_maker":false,"price":1.5066,"quantity":6.6,"timestamp":1772552645536},{"is_buyer_maker":false,"price":1.5066,"quantity":3.4,"timestamp":1772552645536},{"is_buyer_maker":false,"price":1.5066,"quantity":5.0,"timestamp":1772552645536},{"is_buyer_maker":false,"price":1.5066,"quantity":3.7,"timestamp":1772552645536},{"is_buyer_maker":false,"price":1.5065,"quantity":3.4,"timestamp":1772552645536},{"is_buyer_maker":false,"price":1.5066,"quantity":6.6,"timestamp":1772552645536},{"is_buyer_maker":false,"price":1.5066,"quantity":3.4,"timestamp":1772552645536},{"is_buyer_maker":false,"price":1.5066,"quantity":5.0,"timestamp":1772552645536},{"is_buyer_maker":false,"price":1.5066,"quantity":3.7,"timestamp":1772552645536},{"is_buyer_maker":false,"price":1.5065,"quantity":3.4,"timestamp":1772552645536},{"is_buyer_maker":false,"price":1.5066,"quantity":6.6,"timestamp":1772552645536},{"is_buyer_maker":false,"price":1.5066,"quantity":3.4,"timestamp":1772552645536},{"is_buyer_maker":false,"price":1.5066,"quantity":5.0,"timestamp":1772552645536},{"is_buyer_maker":false,"price":1.5066,"quantity":3.7,"timestamp":1772552645536},{"is_buyer_maker":false,"price":1.5065,"quantity":3.4,"timestamp":1772552645536},{"is_buyer_maker":false,"price":1.5066,"quantity":6.6,"timestamp":1772552645536},{"is_buyer_maker":false,"price":1.5066,"quantity":3.4,"timestamp":1772552645536},{"is_buyer_maker":false,"price":1.5066,"quantity":5.0,"timestamp":1772552645536},{"is_buyer_maker":false,"price":1.5066,"quantity":3.7,"timestamp":1772552645536},{"is_buyer_maker":false,"price":1.5065,"quantity":3.4,"timestamp":1772552645536},{"is_buyer_maker":false,"price":1.5066,"quantity":6.6,"timestamp":1772552645536},{"is_buyer_maker":false,"price":1.5066,"quantity":3.4,"timestamp":1772552645536},{"is_buyer_maker":false,"price":1.5066,"quantity":5.0,"timestamp":1772552645536},{"is_buyer_maker":false,"price":1.5066,"quantity":3.7,"timestamp":1772552645536},{"is_buyer_maker":false,"price":1.5065,"quantity":3.4,"timestamp":1772552645536},{"is_buyer_maker":false,"price":1.5066,"quantity":6.6,"timestamp":1772552645536},{"is_buyer_maker":false,"price":1.5066,"quantity":3.4,"timestamp":1772552645536},{"is_buyer_maker":false,"price":1.5066,"quantity":5.0,"timestamp":1772552645536},{"is_buyer_maker":false,"price":1.5066,"quantity":3.7,"timestamp":1772552645536},{"is_buyer_maker":false,"price":1.5065,"quantity":3.4,"timestamp":1772552645536},{"is_buyer_maker":false,"price":1.5066,"quantity":6.6,"timestamp":1772552645536},{"is_buyer_maker":false,"price":1.5066,"quantity":3.4,"timestamp":1772552645536},{"is_buyer_maker":false,"price":1.5066,"quantity":5.0,"timestamp":1772552645536},{"is_buyer_maker":false,"price":1.5066,"quantity":3.7,"timestamp":1772552645536},{"is_buyer_maker":false,"price":1.5065,"quantity":3.4,"timestamp":1772552645536},{"is_buyer_maker":false,"price":1.5066,"quantity":6.6,"timestamp":1772552645536},{"is_buyer_maker":false,"price":1.5066,"quantity":3.4,"timestamp":1772552645536},{"is_buyer_maker":false,"price":1.5066,"quantity":5.0,"timestamp":1772552645536},{"is_buyer_maker":false,"price":1.5066,"quantity":3.7,"timestamp":1772552645536},{"is_buyer_maker":false,"price":1.5065,"quantity":3.4,"timestamp":1772552645536},{"is_buyer_maker":false,"price":1.5066,"quantity":6.6,"timestamp":1772552645536},{"is_buyer_maker":false,"price":1.5066,"quantity":3.4,"timestamp":1772552645536},{"is_buyer_maker":false,"price":1.5066,"quantity":5.0,"timestamp":1772552645536},{"is_buyer_maker":false,"price":1.5066,"quantity":3.7,"timestamp":1772552645536},{"is_buyer_maker":false,"price":1.5065,"quantity":3.4,"timestamp":1772552645536},{"is_buyer_maker":false,"price":1.5066,"quantity":6.6,"timestamp":1772552645536},{"is_buyer_maker":false,"price":1.5066,"quantity":3.4,"timestamp":1772552645536},{"is_buyer_maker":false,"price":1.5066,"quantity":5.0,"timestamp":1772552645536},{"is_buyer_maker":false,"price":1.5066,"quantity":3.7,"timestamp":1772552645536},{"is_buyer_maker":false,"price":1.5065,"quantity":3.4,"timestamp":1772552645536},{"is_buyer_maker":false,"price":1.5066,"quantity":6.6,"timestamp":1772552645536},{"is_buyer_maker":false,"price":1.5066,"quantity":3.4,"timestamp":1772552645536},{"is_buyer_maker":false,"price":1.5066,"quantity":5.0,"timestamp":1772552645536},{"is_buyer_maker":false,"price":1.5066,"quantity":3.7,"timestamp":1772552645536},{"is_buyer_maker":false,"price":1.5065,"quantity":3.4,"timestamp":1772552645536},{"is_buyer_maker":false,"price":1.5066,"quantity":6.6,"timestamp":1772552645536},{"is_buyer_maker":false,"price":1.5066,"quantity":3.4,"timestamp":1772552645536},{"is_buyer_maker":false,"price":1.5066,"quantity":5.0,"timestamp":1772552645536},{"is_buyer_maker":false,"price":1.5066,"quantity":3.7,"timestamp":1772552645536},{"is_buyer_maker":false,"price":1.5065,"quantity":3.4,"timestamp":1772552645536},{"is_buyer_maker":false,"price":1.5066,"quantity":6.6,"timestamp":1772552645536},{"is_buyer_maker":false,"price":1.5066,"quantity":3.4,"timestamp":1772552645536},{"is_buyer_maker":false,"price":1.5066,"quantity":5.0,"timestamp":1772552645536},{"is_buyer_maker":false,"price":1.5066,"quantity":3.7,"timestamp":1772552645536},{"is_buyer_maker":false,"price":1.5065,"quantity":3.4,"timestamp":1772552645536},{"is_buyer_maker":false,"price":1.5066,"quantity":6.6,"timestamp":1772552645536},{"is_buyer_maker":false,"price":1.5066,"quantity":3.4,"timestamp":1772552645536},{"is_buyer_maker":false,"price":1.5066,"quantity":5.0,"timestamp":1772552645536},{"is_buyer_maker":false,"price":1.5066,"quantity":3.7,"timestamp":1772552645536},{"is_buyer_maker":false,"price":1.5065,"quantity":3.4,"timestamp":1772552645536},{"is_buyer_maker":false,"price":1.5066,"quantity":6.6,"timestamp":1772552645536},{"is_buyer_maker":false,"price":1.5066,"quantity":3.4,"timestamp":1772552645536},{"is_buyer_maker":false,"price":1.5066,"quantity":5.0,"timestamp":1772552645536},{"is_buyer_maker":false,"price":1.5066,"quantity":3.7,"timestamp":1772552645536},{"is_buyer_maker":false,"price":1.5065,"quantity":3.4,"timestamp":1772552645536},{"is_buyer_maker":false,"price":1.5066,"quantity":6.6,"timestamp":1772552645536},{"is_buyer_maker":false,"price":1.5066,"quantity":3.4,"timestamp":1772552645536},{"is_buyer_maker":false,"price":1.5066,"quantity":5.0,"timestamp":1772552645536},{"is_buyer_maker":false,"price":1.5066,"quantity":3.7,"timestamp":1772552645536},{"is_buyer_maker":false,"price":1.5065,"quantity":3.4,"timestamp":1772552645536},{"is_buyer_maker":false,"price":1.5066,"quantity":6.6,"timestamp":1772552645536},{"is_buyer_maker":false,"price":1.5066,"quantity":3.4,"timestamp":1772552645536},{"is_buyer_maker":false,"price":1.5066,"quantity":5.0,"timestamp":1772552645536},{"is_buyer_maker":false,"price":1.5066,"quantity":3.7,"timestamp":1772552645536},{"is_buyer_maker":false,"price":1.5067,"quantity":6.6,"timestamp":1772552645541},{"is_buyer_maker":false,"price":1.5067,"quantity":108.0,"timestamp":1772552645541},{"is_buyer_maker":false,"price":1.5067,"quantity":32.6,"timestamp":1772552645541},{"is_buyer_maker":false,"price":1.5067,"quantity":174.4,"timestamp":1772552645541},{"is_buyer_maker":false,"price":1.5067,"quantity":6.6,"timestamp":1772552645541},{"is_buyer_maker":false,"price":1.5067,"quantity":108.0,"timestamp":1772552645541},{"is_buyer_maker":false,"price":1.5067,"quantity":32.6,"timestamp":1772552645541},{"is_buyer_maker":false,"price":1.5067,"quantity":174.4,"timestamp":1772552645541},{"is_buyer_maker":false,"price":1.5067,"quantity":6.6,"timestamp":1772552645541},{"is_buyer_maker":false,"price":1.5067,"quantity":108.0,"timestamp":1772552645541},{"is_buyer_maker":false,"price":1.5067,"quantity":32.6,"timestamp":1772552645541},{"is_buyer_maker":false,"price":1.5067,"quantity":174.4,"timestamp":1772552645541},{"is_buyer_maker":false,"price":1.5067,"quantity":6.6,"timestamp":1772552645541},{"is_buyer_maker":false,"price":1.5067,"quantity":108.0,"timestamp":1772552645541},{"is_buyer_maker":false,"price":1.5067,"quantity":32.6,"timestamp":1772552645541},{"is_buyer_maker":false,"price":1.5067,"quantity":174.4,"timestamp":1772552645541},{"is_buyer_maker":false,"price":1.5067,"quantity":6.6,"timestamp":1772552645541},{"is_buyer_maker":false,"price":1.5067,"quantity":108.0,"timestamp":1772552645541},{"is_buyer_maker":false,"price":1.5067,"quantity":32.6,"timestamp":1772552645541},{"is_buyer_maker":false,"price":1.5067,"quantity":174.4,"timestamp":1772552645541},{"is_buyer_maker":false,"price":1.5067,"quantity":6.6,"timestamp":1772552645541},{"is_buyer_maker":false,"price":1.5067,"quantity":108.0,"timestamp":1772552645541},{"is_buyer_maker":false,"price":1.5067,"quantity":32.6,"timestamp":1772552645541},{"is_buyer_maker":false,"price":1.5067,"quantity":174.4,"timestamp":1772552645541},{"is_buyer_maker":false,"price":1.5067,"quantity":6.6,"timestamp":1772552645541},{"is_buyer_maker":false,"price":1.5067,"quantity":108.0,"timestamp":1772552645541},{"is_buyer_maker":false,"price":1.5067,"quantity":32.6,"timestamp":1772552645541},{"is_buyer_maker":false,"price":1.5067,"quantity":174.4,"timestamp":1772552645541},{"is_buyer_maker":false,"price":1.5067,"quantity":6.6,"timestamp":1772552645541},{"is_buyer_maker":false,"price":1.5067,"quantity":108.0,"timestamp":1772552645541},{"is_buyer_maker":false,"price":1.5067,"quantity":32.6,"timestamp":1772552645541},{"is_buyer_maker":false,"price":1.5067,"quantity":174.4,"timestamp":1772552645541},{"is_buyer_maker":false,"price":1.5067,"quantity":6.6,"timestamp":1772552645541},{"is_buyer_maker":false,"price":1.5067,"quantity":108.0,"timestamp":1772552645541},{"is_buyer_maker":false,"price":1.5067,"quantity":32.6,"timestamp":1772552645541},{"is_buyer_maker":false,"price":1.5067,"quantity":174.4,"timestamp":1772552645541},{"is_buyer_maker":false,"price":1.5067,"quantity":6.6,"timestamp":1772552645541},{"is_buyer_maker":false,"price":1.5067,"quantity":108.0,"timestamp":1772552645541},{"is_buyer_maker":false,"price":1.5067,"quantity":32.6,"timestamp":1772552645541},{"is_buyer_maker":false,"price":1.5067,"quantity":174.4,"timestamp":1772552645541},{"is_buyer_maker":false,"price":1.5067,"quantity":6.6,"timestamp":1772552645541},{"is_buyer_maker":false,"price":1.5067,"quantity":108.0,"timestamp":1772552645541},{"is_buyer_maker":false,"price":1.5067,"quantity":32.6,"timestamp":1772552645541},{"is_buyer_maker":false,"price":1.5067,"quantity":174.4,"timestamp":1772552645541},{"is_buyer_maker":false,"price":1.5067,"quantity":6.6,"timestamp":1772552645541},{"is_buyer_maker":false,"price":1.5067,"quantity":108.0,"timestamp":1772552645541},{"is_buyer_maker":false,"price":1.5067,"quantity":32.6,"timestamp":1772552645541},{"is_buyer_maker":false,"price":1.5067,"quantity":174.4,"timestamp":1772552645541},{"is_buyer_maker":false,"price":1.5067,"quantity":6.6,"timestamp":1772552645541},{"is_buyer_maker":false,"price":1.5067,"quantity":108.0,"timestamp":1772552645541},{"is_buyer_maker":false,"price":1.5067,"quantity":32.6,"timestamp":1772552645541},{"is_buyer_maker":false,"price":1.5067,"quantity":174.4,"timestamp":1772552645541},{"is_buyer_maker":false,"price":1.5067,"quantity":6.6,"timestamp":1772552645541},{"is_buyer_maker":false,"price":1.5067,"quantity":108.0,"timestamp":1772552645541},{"is_buyer_maker":false,"price":1.5067,"quantity":32.6,"timestamp":1772552645541},{"is_buyer_maker":false,"price":1.5067,"quantity":174.4,"timestamp":1772552645541},{"is_buyer_maker":false,"price":1.5067,"quantity":6.6,"timestamp":1772552645541},{"is_buyer_maker":false,"price":1.5067,"quantity":108.0,"timestamp":1772552645541},{"is_buyer_maker":false,"price":1.5067,"quantity":32.6,"timestamp":1772552645541},{"is_buyer_maker":false,"price":1.5067,"quantity":174.4,"timestamp":1772552645541},{"is_buyer_maker":false,"price":1.5067,"quantity":6.6,"timestamp":1772552645541},{"is_buyer_maker":false,"price":1.5067,"quantity":108.0,"timestamp":1772552645541},{"is_buyer_maker":false,"price":1.5067,"quantity":32.6,"timestamp":1772552645541},{"is_buyer_maker":false,"price":1.5067,"quantity":174.4,"timestamp":1772552645541},{"is_buyer_maker":false,"price":1.5067,"quantity":6.6,"timestamp":1772552645541},{"is_buyer_maker":false,"price":1.5067,"quantity":108.0,"timestamp":1772552645541},{"is_buyer_maker":false,"price":1.5067,"quantity":32.6,"timestamp":1772552645541},{"is_buyer_maker":false,"price":1.5067,"quantity":174.4,"timestamp":1772552645541},{"is_buyer_maker":false,"price":1.5067,"quantity":6.6,"timestamp":1772552645541},{"is_buyer_maker":false,"price":1.5067,"quantity":108.0,"timestamp":1772552645541},{"is_buyer_maker":false,"price":1.5067,"quantity":32.6,"timestamp":1772552645541},{"is_buyer_maker":false,"price":1.5067,"quantity":174.4,"timestamp":1772552645541},{"is_buyer_maker":false,"price":1.5067,"quantity":6.6,"timestamp":1772552645541},{"is_buyer_maker":false,"price":1.5067,"quantity":108.0,"timestamp":1772552645541},{"is_buyer_maker":false,"price":1.5067,"quantity":32.6,"timestamp":1772552645541},{"is_buyer_maker":false,"price":1.5067,"quantity":174.4,"timestamp":1772552645541},{"is_buyer_maker":true,"price":1.5067,"quantity":6.6,"timestamp":1772552648809},{"is_buyer_maker":true,"price":1.5066,"quantity":6.6,"timestamp":1772552648826},{"is_buyer_maker":true,"price":1.5065,"quantity":6.7,"timestamp":1772552648869},{"is_buyer_maker":false,"price":1.5065,"quantity":146.8,"timestamp":1772552649620},{"is_buyer_maker":false,"price":1.5065,"quantity":145.5,"timestamp":1772552649620},{"is_buyer_maker":false,"price":1.5065,"quantity":33.9,"timestamp":1772552649620},{"is_buyer_maker":false,"price":1.5065,"quantity":146.8,"timestamp":1772552649620},{"is_buyer_maker":false,"price":1.5065,"quantity":145.5,"timestamp":1772552649620},{"is_buyer_maker":false,"price":1.5065,"quantity":33.9,"timestamp":1772552649620},{"is_buyer_maker":false,"price":1.5065,"quantity":146.8,"timestamp":1772552649620},{"is_buyer_maker":false,"price":1.5065,"quantity":145.5,"timestamp":1772552649620},{"is_buyer_maker":false,"price":1.5065,"quantity":33.9,"timestamp":1772552649620},{"is_buyer_maker":false,"price":1.5065,"quantity":146.8,"timestamp":1772552649620},{"is_buyer_maker":false,"price":1.5065,"quantity":145.5,"timestamp":1772552649620},{"is_buyer_maker":false,"price":1.5065,"quantity":33.9,"timestamp":1772552649620},{"is_buyer_maker":false,"price":1.5065,"quantity":146.8,"timestamp":1772552649620},{"is_buyer_maker":false,"price":1.5065,"quantity":145.5,"timestamp":1772552649620},{"is_buyer_maker":false,"price":1.5065,"quantity":33.9,"timestamp":1772552649620},{"is_buyer_maker":false,"price":1.5065,"quantity":146.8,"timestamp":1772552649620},{"is_buyer_maker":false,"price":1.5065,"quantity":145.5,"timestamp":1772552649620},{"is_buyer_maker":false,"price":1.5065,"quantity":33.9,"timestamp":1772552649620},{"is_buyer_maker":false,"price":1.5065,"quantity":146.8,"timestamp":1772552649620},{"is_buyer_maker":false,"price":1.5065,"quantity":145.5,"timestamp":1772552649620},{"is_buyer_maker":false,"price":1.5065,"quantity":33.9,"timestamp":1772552649620},{"is_buyer_maker":false,"price":1.5065,"quantity":146.8,"timestamp":1772552649620},{"is_buyer_maker":false,"price":1.5065,"quantity":145.5,"timestamp":1772552649620},{"is_buyer_maker":false,"price":1.5065,"quantity":33.9,"timestamp":1772552649620},{"is_buyer_maker":false,"price":1.5065,"quantity":146.8,"timestamp":1772552649620},{"is_buyer_maker":false,"price":1.5065,"quantity":145.5,"timestamp":1772552649620},{"is_buyer_maker":false,"price":1.5065,"quantity":33.9,"timestamp":1772552649620},{"is_buyer_maker":false,"price":1.5065,"quantity":146.8,"timestamp":1772552649620},{"is_buyer_maker":false,"price":1.5065,"quantity":145.5,"timestamp":1772552649620},{"is_buyer_maker":false,"price":1.5065,"quantity":33.9,"timestamp":1772552649620},{"is_buyer_maker":false,"price":1.5065,"quantity":146.8,"timestamp":1772552649620},{"is_buyer_maker":false,"price":1.5065,"quantity":145.5,"timestamp":1772552649620},{"is_buyer_maker":false,"price":1.5065,"quantity":33.9,"timestamp":1772552649620},{"is_buyer_maker":false,"price":1.5065,"quantity":146.8,"timestamp":1772552649620},{"is_buyer_maker":false,"price":1.5065,"quantity":145.5,"timestamp":1772552649620},{"is_buyer_maker":false,"price":1.5065,"quantity":33.9,"timestamp":1772552649620},{"is_buyer_maker":false,"price":1.5065,"quantity":146.8,"timestamp":1772552649620},{"is_buyer_maker":false,"price":1.5065,"quantity":145.5,"timestamp":1772552649620},{"is_buyer_maker":false,"price":1.5065,"quantity":33.9,"timestamp":1772552649620},{"is_buyer_maker":false,"price":1.5065,"quantity":146.8,"timestamp":1772552649620},{"is_buyer_maker":false,"price":1.5065,"quantity":145.5,"timestamp":1772552649620},{"is_buyer_maker":false,"price":1.5065,"quantity":33.9,"timestamp":1772552649620},{"is_buyer_maker":false,"price":1.5065,"quantity":146.8,"timestamp":1772552649620},{"is_buyer_maker":false,"price":1.5065,"quantity":145.5,"timestamp":1772552649620},{"is_buyer_maker":false,"price":1.5065,"quantity":33.9,"timestamp":1772552649620},{"is_buyer_maker":false,"price":1.5065,"quantity":146.8,"timestamp":1772552649620},{"is_buyer_maker":false,"price":1.5065,"quantity":145.5,"timestamp":1772552649620},{"is_buyer_maker":false,"price":1.5065,"quantity":33.9,"timestamp":1772552649620},{"is_buyer_maker":false,"price":1.5065,"quantity":146.8,"timestamp":1772552649620},{"is_buyer_maker":false,"price":1.5065,"quantity":145.5,"timestamp":1772552649620},{"is_buyer_maker":false,"price":1.5065,"quantity":33.9,"timestamp":1772552649620},{"is_buyer_maker":false,"price":1.5065,"quantity":146.8,"timestamp":1772552649620},{"is_buyer_maker":false,"price":1.5065,"quantity":145.5,"timestamp":1772552649620},{"is_buyer_maker":false,"price":1.5065,"quantity":33.9,"timestamp":1772552649620},{"is_buyer_maker":false,"price":1.5065,"quantity":146.8,"timestamp":1772552649620},{"is_buyer_maker":false,"price":1.5065,"quantity":145.5,"timestamp":1772552649620},{"is_buyer_maker":false,"price":1.5065,"quantity":33.9,"timestamp":1772552649620},{"is_buyer_maker":true,"price":1.5064,"quantity":6.6,"timestamp":1772552650424},{"is_buyer_maker":true,"price":1.5063,"quantity":6.7,"timestamp":1772552650507},{"is_buyer_maker":true,"price":1.5063,"quantity":60.6,"timestamp":1772552650507},{"is_buyer_maker":true,"price":1.5063,"quantity":6.7,"timestamp":1772552650507},{"is_buyer_maker":true,"price":1.5063,"quantity":60.6,"timestamp":1772552650507},{"is_buyer_maker":true,"price":1.5063,"quantity":6.7,"timestamp":1772552650507},{"is_buyer_maker":true,"price":1.5063,"quantity":60.6,"timestamp":1772552650507},{"is_buyer_maker":true,"price":1.5063,"quantity":6.7,"timestamp":1772552650507},{"is_buyer_maker":true,"price":1.5063,"quantity":60.6,"timestamp":1772552650507},{"is_buyer_maker":true,"price":1.5063,"quantity":6.7,"timestamp":1772552650507},{"is_buyer_maker":true,"price":1.5063,"quantity":60.6,"timestamp":1772552650507},{"is_buyer_maker":true,"price":1.5063,"quantity":6.7,"timestamp":1772552650507},{"is_buyer_maker":true,"price":1.5063,"quantity":60.6,"timestamp":1772552650507},{"is_buyer_maker":true,"price":1.5063,"quantity":6.7,"timestamp":1772552650507},{"is_buyer_maker":true,"price":1.5063,"quantity":60.6,"timestamp":1772552650507},{"is_buyer_maker":true,"price":1.5063,"quantity":6.7,"timestamp":1772552650507},{"is_buyer_maker":true,"price":1.5063,"quantity":60.6,"timestamp":1772552650507},{"is_buyer_maker":true,"price":1.5063,"quantity":6.7,"timestamp":1772552650507},{"is_buyer_maker":true,"price":1.5063,"quantity":60.6,"timestamp":1772552650507},{"is_buyer_maker":true,"price":1.5063,"quantity":6.7,"timestamp":1772552650507},{"is_buyer_maker":true,"price":1.5063,"quantity":60.6,"timestamp":1772552650507},{"is_buyer_maker":true,"price":1.5063,"quantity":6.7,"timestamp":1772552650507},{"is_buyer_maker":true,"price":1.5063,"quantity":60.6,"timestamp":1772552650507},{"is_buyer_maker":true,"price":1.5063,"quantity":6.7,"timestamp":1772552650507},{"is_buyer_maker":true,"price":1.5063,"quantity":60.6,"timestamp":1772552650507},{"is_buyer_maker":true,"price":1.5063,"quantity":6.7,"timestamp":1772552650507},{"is_buyer_maker":true,"price":1.5063,"quantity":60.6,"timestamp":1772552650507},{"is_buyer_maker":true,"price":1.5063,"quantity":6.7,"timestamp":1772552650507},{"is_buyer_maker":true,"price":1.5063,"quantity":60.6,"timestamp":1772552650507},{"is_buyer_maker":true,"price":1.5063,"quantity":6.7,"timestamp":1772552650507},{"is_buyer_maker":true,"price":1.5063,"quantity":60.6,"timestamp":1772552650507},{"is_buyer_maker":true,"price":1.5063,"quantity":6.7,"timestamp":1772552650507},{"is_buyer_maker":true,"price":1.5063,"quantity":60.6,"timestamp":1772552650507},{"is_buyer_maker":true,"price":1.5063,"quantity":6.7,"timestamp":1772552650507},{"is_buyer_maker":true,"price":1.5063,"quantity":60.6,"timestamp":1772552650507},{"is_buyer_maker":true,"price":1.5063,"quantity":6.7,"timestamp":1772552650507},{"is_buyer_maker":true,"price":1.5063,"quantity":60.6,"timestamp":1772552650507},{"is_buyer_maker":true,"price":1.5063,"quantity":6.7,"timestamp":1772552650507},{"is_buyer_maker":true,"price":1.5063,"quantity":60.6,"timestamp":1772552650507},{"is_buyer_maker":true,"price":1.5062,"quantity":3.6,"timestamp":1772552650675},{"is_buyer_maker":true,"price":1.5062,"quantity":3.1,"timestamp":1772552650701},{"is_buyer_maker":true,"price":1.5062,"quantity":3.7,"timestamp":1772552650701},{"is_buyer_maker":true,"price":1.5062,"quantity":3.1,"timestamp":1772552650701},{"is_buyer_maker":true,"price":1.5062,"quantity":3.7,"timestamp":1772552650701},{"is_buyer_maker":true,"price":1.5062,"quantity":3.1,"timestamp":1772552650701},{"is_buyer_maker":true,"price":1.5062,"quantity":3.7,"timestamp":1772552650701},{"is_buyer_maker":true,"price":1.5062,"quantity":3.1,"timestamp":1772552650701},{"is_buyer_maker":true,"price":1.5062,"quantity":3.7,"timestamp":1772552650701},{"is_buyer_maker":true,"price":1.5062,"quantity":3.1,"timestamp":1772552650701},{"is_buyer_maker":true,"price":1.5062,"quantity":3.7,"timestamp":1772552650701},{"is_buyer_maker":true,"price":1.5062,"quantity":3.1,"timestamp":1772552650701},{"is_buyer_maker":true,"price":1.5062,"quantity":3.7,"timestamp":1772552650701},{"is_buyer_maker":true,"price":1.5062,"quantity":3.1,"timestamp":1772552650701},{"is_buyer_maker":true,"price":1.5062,"quantity":3.7,"timestamp":1772552650701},{"is_buyer_maker":true,"price":1.5062,"quantity":3.1,"timestamp":1772552650701},{"is_buyer_maker":true,"price":1.5062,"quantity":3.7,"timestamp":1772552650701},{"is_buyer_maker":true,"price":1.5062,"quantity":3.1,"timestamp":1772552650701},{"is_buyer_maker":true,"price":1.5062,"quantity":3.7,"timestamp":1772552650701},{"is_buyer_maker":true,"price":1.5062,"quantity":3.1,"timestamp":1772552650701},{"is_buyer_maker":true,"price":1.5062,"quantity":3.7,"timestamp":1772552650701},{"is_buyer_maker":true,"price":1.5062,"quantity":3.1,"timestamp":1772552650701},{"is_buyer_maker":true,"price":1.5062,"quantity":3.7,"timestamp":1772552650701},{"is_buyer_maker":true,"price":1.5062,"quantity":3.1,"timestamp":1772552650701},{"is_buyer_maker":true,"price":1.5062,"quantity":3.7,"timestamp":1772552650701},{"is_buyer_maker":true,"price":1.5062,"quantity":3.1,"timestamp":1772552650701},{"is_buyer_maker":true,"price":1.5062,"quantity":3.7,"timestamp":1772552650701},{"is_buyer_maker":true,"price":1.5062,"quantity":3.1,"timestamp":1772552650701},{"is_buyer_maker":true,"price":1.5062,"quantity":3.7,"timestamp":1772552650701},{"is_buyer_maker":true,"price":1.5062,"quantity":3.1,"timestamp":1772552650701},{"is_buyer_maker":true,"price":1.5062,"quantity":3.7,"timestamp":1772552650701},{"is_buyer_maker":true,"price":1.5062,"quantity":3.1,"timestamp":1772552650701},{"is_buyer_maker":true,"price":1.5062,"quantity":3.7,"timestamp":1772552650701},{"is_buyer_maker":true,"price":1.5062,"quantity":3.1,"timestamp":1772552650701},{"is_buyer_maker":true,"price":1.5062,"quantity":3.7,"timestamp":1772552650701},{"is_buyer_maker":true,"price":1.5062,"quantity":3.1,"timestamp":1772552650701},{"is_buyer_maker":true,"price":1.5062,"quantity":3.7,"timestamp":1772552650701},{"is_buyer_maker":true,"price":1.5062,"quantity":3.1,"timestamp":1772552650701},{"is_buyer_maker":true,"price":1.5062,"quantity":3.7,"timestamp":1772552650701},{"is_buyer_maker":true,"price":1.5061,"quantity":6.6,"timestamp":1772552650726},{"is_buyer_maker":true,"price":1.5061,"quantity":9.9,"timestamp":1772552650733},{"is_buyer_maker":true,"price":1.5061,"quantity":6.6,"timestamp":1772552650736},{"is_buyer_maker":false,"price":1.5061,"quantity":146.8,"timestamp":1772552650738},{"is_buyer_maker":false,"price":1.5061,"quantity":141.4,"timestamp":1772552650738},{"is_buyer_maker":false,"price":1.5061,"quantity":134.9,"timestamp":1772552650738},{"is_buyer_maker":false,"price":1.5061,"quantity":82.9,"timestamp":1772552650738},{"is_buyer_maker":false,"price":1.5061,"quantity":149.1,"timestamp":1772552650738},{"is_buyer_maker":false,"price":1.5061,"quantity":132.5,"timestamp":1772552650738},{"is_buyer_maker":false,"price":1.5062,"quantity":73.2,"timestamp":1772552650738},{"is_buyer_maker":false,"price":1.5062,"quantity":134.9,"timestamp":1772552650738},{"is_buyer_maker":false,"price":1.5062,"quantity":149.1,"timestamp":1772552650738},{"is_buyer_maker":false,"price":1.5062,"quantity":141.4,"timestamp":1772552650738},{"is_buyer_maker":false,"price":1.5062,"quantity":146.8,"timestamp":1772552650738},{"is_buyer_maker":false,"price":1.5062,"quantity":104.5,"timestamp":1772552650738},{"is_buyer_maker":false,"price":1.5062,"quantity":90.8,"timestamp":1772552650738},{"is_buyer_maker":false,"price":1.5062,"quantity":599.4,"timestamp":1772552650738},{"is_buyer_maker":false,"price":1.5061,"quantity":146.8,"timestamp":1772552650738},{"is_buyer_maker":false,"price":1.5061,"quantity":141.4,"timestamp":1772552650738},{"is_buyer_maker":false,"price":1.5061,"quantity":134.9,"timestamp":1772552650738},{"is_buyer_maker":false,"price":1.5061,"quantity":82.9,"timestamp":1772552650738},{"is_buyer_maker":false,"price":1.5061,"quantity":149.1,"timestamp":1772552650738},{"is_buyer_maker":false,"price":1.5061,"quantity":132.5,"timestamp":1772552650738},{"is_buyer_maker":false,"price":1.5062,"quantity":73.2,"timestamp":1772552650738},{"is_buyer_maker":false,"price":1.5062,"quantity":134.9,"timestamp":1772552650738},{"is_buyer_maker":false,"price":1.5062,"quantity":149.1,"timestamp":1772552650738},{"is_buyer_maker":false,"price":1.5062,"quantity":141.4,"timestamp":1772552650738},{"is_buyer_maker":false,"price":1.5062,"quantity":146.8,"timestamp":1772552650738},{"is_buyer_maker":false,"price":1.5062,"quantity":104.5,"timestamp":1772552650738},{"is_buyer_maker":false,"price":1.5062,"quantity":90.8,"timestamp":1772552650738},{"is_buyer_maker":false,"price":1.5062,"quantity":599.4,"timestamp":1772552650738},{"is_buyer_maker":false,"price":1.5061,"quantity":146.8,"timestamp":1772552650738},{"is_buyer_maker":false,"price":1.5061,"quantity":141.4,"timestamp":1772552650738},{"is_buyer_maker":false,"price":1.5061,"quantity":134.9,"timestamp":1772552650738},{"is_buyer_maker":false,"price":1.5061,"quantity":82.9,"timestamp":1772552650738},{"is_buyer_maker":false,"price":1.5061,"quantity":149.1,"timestamp":1772552650738},{"is_buyer_maker":false,"price":1.5061,"quantity":132.5,"timestamp":1772552650738},{"is_buyer_maker":false,"price":1.5062,"quantity":73.2,"timestamp":1772552650738},{"is_buyer_maker":false,"price":1.5062,"quantity":134.9,"timestamp":1772552650738},{"is_buyer_maker":false,"price":1.5062,"quantity":149.1,"timestamp":1772552650738},{"is_buyer_maker":false,"price":1.5062,"quantity":141.4,"timestamp":1772552650738},{"is_buyer_maker":false,"price":1.5062,"quantity":146.8,"timestamp":1772552650738},{"is_buyer_maker":false,"price":1.5062,"quantity":104.5,"timestamp":1772552650738},{"is_buyer_maker":false,"price":1.5062,"quantity":90.8,"timestamp":1772552650738},{"is_buyer_maker":false,"price":1.5062,"quantity":599.4,"timestamp":1772552650738},{"is_buyer_maker":false,"price":1.5061,"quantity":146.8,"timestamp":1772552650738},{"is_buyer_maker":false,"price":1.5061,"quantity":141.4,"timestamp":1772552650738},{"is_buyer_maker":false,"price":1.5061,"quantity":134.9,"timestamp":1772552650738},{"is_buyer_maker":false,"price":1.5061,"quantity":82.9,"timestamp":1772552650738},{"is_buyer_maker":false,"price":1.5061,"quantity":149.1,"timestamp":1772552650738},{"is_buyer_maker":false,"price":1.5061,"quantity":132.5,"timestamp":1772552650738},{"is_buyer_maker":false,"price":1.5062,"quantity":73.2,"timestamp":1772552650738},{"is_buyer_maker":false,"price":1.5062,"quantity":134.9,"timestamp":1772552650738},{"is_buyer_maker":false,"price":1.5062,"quantity":149.1,"timestamp":1772552650738},{"is_buyer_maker":false,"price":1.5062,"quantity":141.4,"timestamp":1772552650738},{"is_buyer_maker":false,"price":1.5062,"quantity":146.8,"timestamp":1772552650738},{"is_buyer_maker":false,"price":1.5062,"quantity":104.5,"timestamp":1772552650738},{"is_buyer_maker":false,"price":1.5062,"quantity":90.8,"timestamp":1772552650738},{"is_buyer_maker":false,"price":1.5062,"quantity":599.4,"timestamp":1772552650738},{"is_buyer_maker":false,"price":1.5061,"quantity":146.8,"timestamp":1772552650738},{"is_buyer_maker":false,"price":1.5061,"quantity":141.4,"timestamp":1772552650738},{"is_buyer_maker":false,"price":1.5061,"quantity":134.9,"timestamp":1772552650738},{"is_buyer_maker":false,"price":1.5061,"quantity":82.9,"timestamp":1772552650738},{"is_buyer_maker":false,"price":1.5061,"quantity":149.1,"timestamp":1772552650738},{"is_buyer_maker":false,"price":1.5061,"quantity":132.5,"timestamp":1772552650738},{"is_buyer_maker":false,"price":1.5062,"quantity":73.2,"timestamp":1772552650738},{"is_buyer_maker":false,"price":1.5062,"quantity":134.9,"timestamp":1772552650738},{"is_buyer_maker":false,"price":1.5062,"quantity":149.1,"timestamp":1772552650738},{"is_buyer_maker":false,"price":1.5062,"quantity":141.4,"timestamp":1772552650738},{"is_buyer_maker":false,"price":1.5062,"quantity":146.8,"timestamp":1772552650738},{"is_buyer_maker":false,"price":1.5062,"quantity":104.5,"timestamp":1772552650738},{"is_buyer_maker":false,"price":1.5062,"quantity":90.8,"timestamp":1772552650738},{"is_buyer_maker":false,"price":1.5062,"quantity":599.4,"timestamp":1772552650738},{"is_buyer_maker":false,"price":1.5061,"quantity":146.8,"timestamp":1772552650738},{"is_buyer_maker":false,"price":1.5061,"quantity":141.4,"timestamp":1772552650738},{"is_buyer_maker":false,"price":1.5061,"quantity":134.9,"timestamp":1772552650738},{"is_buyer_maker":false,"price":1.5061,"quantity":82.9,"timestamp":1772552650738},{"is_buyer_maker":false,"price":1.5061,"quantity":149.1,"timestamp":1772552650738},{"is_buyer_maker":false,"price":1.5061,"quantity":132.5,"timestamp":1772552650738},{"is_buyer_maker":false,"price":1.5062,"quantity":73.2,"timestamp":1772552650738},{"is_buyer_maker":false,"price":1.5062,"quantity":134.9,"timestamp":1772552650738},{"is_buyer_maker":false,"price":1.5062,"quantity":149.1,"timestamp":1772552650738},{"is_buyer_maker":false,"price":1.5062,"quantity":141.4,"timestamp":1772552650738},{"is_buyer_maker":false,"price":1.5062,"quantity":146.8,"timestamp":1772552650738},{"is_buyer_maker":false,"price":1.5062,"quantity":104.5,"timestamp":1772552650738},{"is_buyer_maker":false,"price":1.5062,"quantity":90.8,"timestamp":1772552650738},{"is_buyer_maker":false,"price":1.5062,"quantity":599.4,"timestamp":1772552650738},{"is_buyer_maker":false,"price":1.5061,"quantity":146.8,"timestamp":1772552650738},{"is_buyer_maker":false,"price":1.5061,"quantity":141.4,"timestamp":1772552650738},{"is_buyer_maker":false,"price":1.5061,"quantity":134.9,"timestamp":1772552650738},{"is_buyer_maker":false,"price":1.5061,"quantity":82.9,"timestamp":1772552650738},{"is_buyer_maker":false,"price":1.5061,"quantity":149.1,"timestamp":1772552650738},{"is_buyer_maker":false,"price":1.5061,"quantity":132.5,"timestamp":1772552650738},{"is_buyer_maker":false,"price":1.5062,"quantity":73.2,"timestamp":1772552650738},{"is_buyer_maker":false,"price":1.5062,"quantity":134.9,"timestamp":1772552650738},{"is_buyer_maker":false,"price":1.5062,"quantity":149.1,"timestamp":1772552650738},{"is_buyer_maker":false,"price":1.5062,"quantity":141.4,"timestamp":1772552650738},{"is_buyer_maker":false,"price":1.5062,"quantity":146.8,"timestamp":1772552650738},{"is_buyer_maker":false,"price":1.5062,"quantity":104.5,"timestamp":1772552650738},{"is_buyer_maker":false,"price":1.5062,"quantity":90.8,"timestamp":1772552650738},{"is_buyer_maker":false,"price":1.5062,"quantity":599.4,"timestamp":1772552650738},{"is_buyer_maker":false,"price":1.5061,"quantity":146.8,"timestamp":1772552650738},{"is_buyer_maker":false,"price":1.5061,"quantity":141.4,"timestamp":1772552650738},{"is_buyer_maker":false,"price":1.5061,"quantity":134.9,"timestamp":1772552650738},{"is_buyer_maker":false,"price":1.5061,"quantity":82.9,"timestamp":1772552650738},{"is_buyer_maker":false,"price":1.5061,"quantity":149.1,"timestamp":1772552650738},{"is_buyer_maker":false,"price":1.5061,"quantity":132.5,"timestamp":1772552650738},{"is_buyer_maker":false,"price":1.5062,"quantity":73.2,"timestamp":1772552650738},{"is_buyer_maker":false,"price":1.5062,"quantity":134.9,"timestamp":1772552650738},{"is_buyer_maker":false,"price":1.5062,"quantity":149.1,"timestamp":1772552650738},{"is_buyer_maker":false,"price":1.5062,"quantity":141.4,"timestamp":1772552650738},{"is_buyer_maker":false,"price":1.5062,"quantity":146.8,"timestamp":1772552650738},{"is_buyer_maker":false,"price":1.5062,"quantity":104.5,"timestamp":1772552650738},{"is_buyer_maker":false,"price":1.5062,"quantity":90.8,"timestamp":1772552650738},{"is_buyer_maker":false,"price":1.5062,"quantity":599.4,"timestamp":1772552650738},{"is_buyer_maker":false,"price":1.5061,"quantity":146.8,"timestamp":1772552650738},{"is_buyer_maker":false,"price":1.5061,"quantity":141.4,"timestamp":1772552650738},{"is_buyer_maker":false,"price":1.5061,"quantity":134.9,"timestamp":1772552650738},{"is_buyer_maker":false,"price":1.5061,"quantity":82.9,"timestamp":1772552650738},{"is_buyer_maker":false,"price":1.5061,"quantity":149.1,"timestamp":1772552650738},{"is_buyer_maker":false,"price":1.5061,"quantity":132.5,"timestamp":1772552650738},{"is_buyer_maker":false,"price":1.5062,"quantity":73.2,"timestamp":1772552650738},{"is_buyer_maker":false,"price":1.5062,"quantity":134.9,"timestamp":1772552650738},{"is_buyer_maker":false,"price":1.5062,"quantity":149.1,"timestamp":1772552650738},{"is_buyer_maker":false,"price":1.5062,"quantity":141.4,"timestamp":1772552650738},{"is_buyer_maker":false,"price":1.5062,"quantity":146.8,"timestamp":1772552650738},{"is_buyer_maker":false,"price":1.5062,"quantity":104.5,"timestamp":1772552650738},{"is_buyer_maker":false,"price":1.5062,"quantity":90.8,"timestamp":1772552650738},{"is_buyer_maker":false,"price":1.5062,"quantity":599.4,"timestamp":1772552650738},{"is_buyer_maker":false,"price":1.5061,"quantity":146.8,"timestamp":1772552650738},{"is_buyer_maker":false,"price":1.5061,"quantity":141.4,"timestamp":1772552650738},{"is_buyer_maker":false,"price":1.5061,"quantity":134.9,"timestamp":1772552650738},{"is_buyer_maker":false,"price":1.5061,"quantity":82.9,"timestamp":1772552650738},{"is_buyer_maker":false,"price":1.5061,"quantity":149.1,"timestamp":1772552650738},{"is_buyer_maker":false,"price":1.5061,"quantity":132.5,"timestamp":1772552650738},{"is_buyer_maker":false,"price":1.5062,"quantity":73.2,"timestamp":1772552650738},{"is_buyer_maker":false,"price":1.5062,"quantity":134.9,"timestamp":1772552650738},{"is_buyer_maker":false,"price":1.5062,"quantity":149.1,"timestamp":1772552650738},{"is_buyer_maker":false,"price":1.5062,"quantity":141.4,"timestamp":1772552650738},{"is_buyer_maker":false,"price":1.5062,"quantity":146.8,"timestamp":1772552650738},{"is_buyer_maker":false,"price":1.5062,"quantity":104.5,"timestamp":1772552650738},{"is_buyer_maker":false,"price":1.5062,"quantity":90.8,"timestamp":1772552650738},{"is_buyer_maker":false,"price":1.5062,"quantity":599.4,"timestamp":1772552650738},{"is_buyer_maker":false,"price":1.5061,"quantity":146.8,"timestamp":1772552650738},{"is_buyer_maker":false,"price":1.5061,"quantity":141.4,"timestamp":1772552650738},{"is_buyer_maker":false,"price":1.5061,"quantity":134.9,"timestamp":1772552650738},{"is_buyer_maker":false,"price":1.5061,"quantity":82.9,"timestamp":1772552650738},{"is_buyer_maker":false,"price":1.5061,"quantity":149.1,"timestamp":1772552650738},{"is_buyer_maker":false,"price":1.5061,"quantity":132.5,"timestamp":1772552650738},{"is_buyer_maker":false,"price":1.5062,"quantity":73.2,"timestamp":1772552650738},{"is_buyer_maker":false,"price":1.5062,"quantity":134.9,"timestamp":1772552650738},{"is_buyer_maker":false,"price":1.5062,"quantity":149.1,"timestamp":1772552650738},{"is_buyer_maker":false,"price":1.5062,"quantity":141.4,"timestamp":1772552650738},{"is_buyer_maker":false,"price":1.5062,"quantity":146.8,"timestamp":1772552650738},{"is_buyer_maker":false,"price":1.5062,"quantity":104.5,"timestamp":1772552650738},{"is_buyer_maker":false,"price":1.5062,"quantity":90.8,"timestamp":1772552650738},{"is_buyer_maker":false,"price":1.5062,"quantity":599.4,"timestamp":1772552650738},{"is_buyer_maker":false,"price":1.5061,"quantity":146.8,"timestamp":1772552650738},{"is_buyer_maker":false,"price":1.5061,"quantity":141.4,"timestamp":1772552650738},{"is_buyer_maker":false,"price":1.5061,"quantity":134.9,"timestamp":1772552650738},{"is_buyer_maker":false,"price":1.5061,"quantity":82.9,"timestamp":1772552650738},{"is_buyer_maker":false,"price":1.5061,"quantity":149.1,"timestamp":1772552650738},{"is_buyer_maker":false,"price":1.5061,"quantity":132.5,"timestamp":1772552650738},{"is_buyer_maker":false,"price":1.5062,"quantity":73.2,"timestamp":1772552650738},{"is_buyer_maker":false,"price":1.5062,"quantity":134.9,"timestamp":1772552650738},{"is_buyer_maker":false,"price":1.5062,"quantity":149.1,"timestamp":1772552650738},{"is_buyer_maker":false,"price":1.5062,"quantity":141.4,"timestamp":1772552650738},{"is_buyer_maker":false,"price":1.5062,"quantity":146.8,"timestamp":1772552650738},{"is_buyer_maker":false,"price":1.5062,"quantity":104.5,"timestamp":1772552650738},{"is_buyer_maker":false,"price":1.5062,"quantity":90.8,"timestamp":1772552650738},{"is_buyer_maker":false,"price":1.5062,"quantity":599.4,"timestamp":1772552650738},{"is_buyer_maker":false,"price":1.5061,"quantity":146.8,"timestamp":1772552650738},{"is_buyer_maker":false,"price":1.5061,"quantity":141.4,"timestamp":1772552650738},{"is_buyer_maker":false,"price":1.5061,"quantity":134.9,"timestamp":1772552650738},{"is_buyer_maker":false,"price":1.5061,"quantity":82.9,"timestamp":1772552650738},{"is_buyer_maker":false,"price":1.5061,"quantity":149.1,"timestamp":1772552650738},{"is_buyer_maker":false,"price":1.5061,"quantity":132.5,"timestamp":1772552650738},{"is_buyer_maker":false,"price":1.5062,"quantity":73.2,"timestamp":1772552650738},{"is_buyer_maker":false,"price":1.5062,"quantity":134.9,"timestamp":1772552650738},{"is_buyer_maker":false,"price":1.5062,"quantity":149.1,"timestamp":1772552650738},{"is_buyer_maker":false,"price":1.5062,"quantity":141.4,"timestamp":1772552650738},{"is_buyer_maker":false,"price":1.5062,"quantity":146.8,"timestamp":1772552650738},{"is_buyer_maker":false,"price":1.5062,"quantity":104.5,"timestamp":1772552650738},{"is_buyer_maker":false,"price":1.5062,"quantity":90.8,"timestamp":1772552650738},{"is_buyer_maker":false,"price":1.5062,"quantity":599.4,"timestamp":1772552650738},{"is_buyer_maker":false,"price":1.5061,"quantity":146.8,"timestamp":1772552650738},{"is_buyer_maker":false,"price":1.5061,"quantity":141.4,"timestamp":1772552650738},{"is_buyer_maker":false,"price":1.5061,"quantity":134.9,"timestamp":1772552650738},{"is_buyer_maker":false,"price":1.5061,"quantity":82.9,"timestamp":1772552650738},{"is_buyer_maker":false,"price":1.5061,"quantity":149.1,"timestamp":1772552650738},{"is_buyer_maker":false,"price":1.5061,"quantity":132.5,"timestamp":1772552650738},{"is_buyer_maker":false,"price":1.5062,"quantity":73.2,"timestamp":1772552650738},{"is_buyer_maker":false,"price":1.5062,"quantity":134.9,"timestamp":1772552650738},{"is_buyer_maker":false,"price":1.5062,"quantity":149.1,"timestamp":1772552650738}