{"exchange":"okx","symbol":"DOGEUSDT","last_updated":1772553234754,"trades":[{"is_buyer_maker":true,"price":0.09,"quantity":10.07,"timestamp":1772552638593},{"is_buyer_maker":false,"price":0.09001,"quantity":4.72,"timestamp":1772552638598},{"is_buyer_maker":true,"price":0.09,"quantity":130.0,"timestamp":1772552638598},{"is_buyer_maker":true,"price":0.09,"quantity":68.07,"timestamp":1772552638598},{"is_buyer_maker":true,"price":0.09,"quantity":0.8,"timestamp":1772552638598},{"is_buyer_maker":true,"price":0.09,"quantity":45.93,"timestamp":1772552638598},{"is_buyer_maker":false,"price":0.09001,"quantity":4.72,"timestamp":1772552638598},{"is_buyer_maker":true,"price":0.09,"quantity":130.0,"timestamp":1772552638598},{"is_buyer_maker":true,"price":0.09,"quantity":68.07,"timestamp":1772552638598},{"is_buyer_maker":true,"price":0.09,"quantity":0.8,"timestamp":1772552638598},{"is_buyer_maker":true,"price":0.09,"quantity":45.93,"timestamp":1772552638598},{"is_buyer_maker":false,"price":0.09001,"quantity":4.72,"timestamp":1772552638598},{"is_buyer_maker":true,"price":0.09,"quantity":130.0,"timestamp":1772552638598},{"is_buyer_maker":true,"price":0.09,"quantity":68.07,"timestamp":1772552638598},{"is_buyer_maker":true,"price":0.09,"quantity":0.8,"timestamp":1772552638598},{"is_buyer_maker":true,"price":0.09,"quantity":45.93,"timestamp":1772552638598},{"is_buyer_maker":false,"price":0.09001,"quantity":4.72,"timestamp":1772552638598},{"is_buyer_maker":true,"price":0.09,"quantity":130.0,"timestamp":1772552638598},{"is_buyer_maker":true,"price":0.09,"quantity":68.07,"timestamp":1772552638598},{"is_buyer_maker":true,"price":0.09,"quantity":0.8,"timestamp":1772552638598},{"is_buyer_maker":true,"price":0.09,"quantity":45.93,"timestamp":1772552638598},{"is_buyer_maker":false,"price":0.09001,"quantity":4.72,"timestamp":1772552638598},{"is_buyer_maker":true,"price":0.09,"quantity":130.0,"timestamp":1772552638598},{"is_buyer_maker":true,"price":0.09,"quantity":68.07,"timestamp":1772552638598},{"is_buyer_maker":true,"price":0.09,"quantity":0.8,"timestamp":1772552638598},{"is_buyer_maker":true,"price":0.09,"quantity":45.93,"timestamp":1772552638598},{"is_buyer_maker":false,"price":0.09001,"quantity":4.72,"timestamp":1772552638598},{"is_buyer_maker":true,"price":0.09,"quantity":130.0,"timestamp":1772552638598},{"is_buyer_maker":true,"price":0.09,"quantity":68.07,"timestamp":1772552638598},{"is_buyer_maker":true,"price":0.09,"quantity":0.8,"timestamp":1772552638598},{"is_buyer_maker":true,"price":0.09,"quantity":45.93,"timestamp":1772552638598},{"is_buyer_maker":false,"price":0.09001,"quantity":4.72,"timestamp":1772552638598},{"is_buyer_maker":true,"price":0.09,"quantity":130.0,"timestamp":1772552638598},{"is_buyer_maker":true,"price":0.09,"quantity":68.07,"timestamp":1772552638598},{"is_buyer_maker":true,"price":0.09,"quantity":0.8,"timestamp":1772552638598},{"is_buyer_maker":true,"price":0.09,"quantity":45.93,"timestamp":1772552638598},{"is_buyer_maker":false,"price":0.09001,"quantity":4.72,"timestamp":1772552638598},{"is_buyer_maker":true,"price":0.09,"quantity":130.0,"timestamp":1772552638598},{"is_buyer_maker":true,"price":0.09,"quantity":68.07,"timestamp":1772552638598},{"is_buyer_maker":true,"price":0.09,"quantity":0.8,"timestamp":1772552638598},{"is_buyer_maker":true,"price":0.09,"quantity":45.93,"timestamp":1772552638598},{"is_buyer_maker":false,"price":0.09001,"quantity":4.72,"timestamp":1772552638598},{"is_buyer_maker":true,"price":0.09,"quantity":130.0,"timestamp":1772552638598},{"is_buyer_maker":true,"price":0.09,"quantity":68.07,"timestamp":1772552638598},{"is_buyer_maker":true,"price":0.09,"quantity":0.8,"timestamp":1772552638598},{"is_buyer_maker":true,"price":0.09,"quantity":45.93,"timestamp":1772552638598},{"is_buyer_maker":false,"price":0.09001,"quantity":4.72,"timestamp":1772552638598},{"is_buyer_maker":true,"price":0.09,"quantity":130.0,"timestamp":1772552638598},{"is_buyer_maker":true,"price":0.09,"quantity":68.07,"timestamp":1772552638598},{"is_buyer_maker":true,"price":0.09,"quantity":0.8,"timestamp":1772552638598},{"is_buyer_maker":true,"price":0.09,"quantity":45.93,"timestamp":1772552638598},{"is_buyer_maker":false,"price":0.09001,"quantity":4.72,"timestamp":1772552638598},{"is_buyer_maker":true,"price":0.09,"quantity":130.0,"timestamp":1772552638598},{"is_buyer_maker":true,"price":0.09,"quantity":68.07,"timestamp":1772552638598},{"is_buyer_maker":true,"price":0.09,"quantity":0.8,"timestamp":1772552638598},{"is_buyer_maker":true,"price":0.09,"quantity":45.93,"timestamp":1772552638598},{"is_buyer_maker":false,"price":0.09001,"quantity":4.72,"timestamp":1772552638598},{"is_buyer_maker":true,"price":0.09,"quantity":130.0,"timestamp":1772552638598},{"is_buyer_maker":true,"price":0.09,"quantity":68.07,"timestamp":1772552638598},{"is_buyer_maker":true,"price":0.09,"quantity":0.8,"timestamp":1772552638598},{"is_buyer_maker":true,"price":0.09,"quantity":45.93,"timestamp":1772552638598},{"is_buyer_maker":false,"price":0.09001,"quantity":4.72,"timestamp":1772552638598},{"is_buyer_maker":true,"price":0.09,"quantity":130.0,"timestamp":1772552638598},{"is_buyer_maker":true,"price":0.09,"quantity":68.07,"timestamp":1772552638598},{"is_buyer_maker":true,"price":0.09,"quantity":0.8,"timestamp":1772552638598},{"is_buyer_maker":true,"price":0.09,"quantity":45.93,"timestamp":1772552638598},{"is_buyer_maker":false,"price":0.09001,"quantity":4.72,"timestamp":1772552638598},{"is_buyer_maker":true,"price":0.09,"quantity":130.0,"timestamp":1772552638598},{"is_buyer_maker":true,"price":0.09,"quantity":68.07,"timestamp":1772552638598},{"is_buyer_maker":true,"price":0.09,"quantity":0.8,"timestamp":1772552638598},{"is_buyer_maker":true,"price":0.09,"quantity":45.93,"timestamp":1772552638598},{"is_buyer_maker":false,"price":0.09001,"quantity":4.72,"timestamp":1772552638598},{"is_buyer_maker":true,"price":0.09,"quantity":130.0,"timestamp":1772552638598},{"is_buyer_maker":true,"price":0.09,"quantity":68.07,"timestamp":1772552638598},{"is_buyer_maker":true,"price":0.09,"quantity":0.8,"timestamp":1772552638598},{"is_buyer_maker":true,"price":0.09,"quantity":45.93,"timestamp":1772552638598},{"is_buyer_maker":false,"price":0.09001,"quantity":4.72,"timestamp":1772552638598},{"is_buyer_maker":true,"price":0.09,"quantity":130.0,"timestamp":1772552638598},{"is_buyer_maker":true,"price":0.09,"quantity":68.07,"timestamp":1772552638598},{"is_buyer_maker":true,"price":0.09,"quantity":0.8,"timestamp":1772552638598},{"is_buyer_maker":true,"price":0.09,"quantity":45.93,"timestamp":1772552638598},{"is_buyer_maker":false,"price":0.09001,"quantity":4.72,"timestamp":1772552638598},{"is_buyer_maker":true,"price":0.09,"quantity":130.0,"timestamp":1772552638598},{"is_buyer_maker":true,"price":0.09,"quantity":68.07,"timestamp":1772552638598},{"is_buyer_maker":true,"price":0.09,"quantity":0.8,"timestamp":1772552638598},{"is_buyer_maker":true,"price":0.09,"quantity":45.93,"timestamp":1772552638598},{"is_buyer_maker":false,"price":0.09001,"quantity":4.72,"timestamp":1772552638598},{"is_buyer_maker":true,"price":0.09,"quantity":130.0,"timestamp":1772552638598},{"is_buyer_maker":true,"price":0.09,"quantity":68.07,"timestamp":1772552638598},{"is_buyer_maker":true,"price":0.09,"quantity":0.8,"timestamp":1772552638598},{"is_buyer_maker":true,"price":0.09,"quantity":45.93,"timestamp":1772552638598},{"is_buyer_maker":false,"price":0.09001,"quantity":4.72,"timestamp":1772552638598},{"is_buyer_maker":true,"price":0.09,"quantity":130.0,"timestamp":1772552638598},{"is_buyer_maker":true,"price":0.09,"quantity":68.07,"timestamp":1772552638598},{"is_buyer_maker":true,"price":0.09,"quantity":0.8,"timestamp":1772552638598},{"is_buyer_maker":true,"price":0.09,"quantity":45.93,"timestamp":1772552638598},{"is_buyer_maker":true,"price":0.09,"quantity":8.07,"timestamp":1772552638599},{"is_buyer_maker":true,"price":0.09,"quantity":80.03,"timestamp":1772552638875},{"is_buyer_maker":true,"price":0.09,"quantity":56.19,"timestamp":1772552638886},{"is_buyer_maker":true,"price":0.09,"quantity":1.76,"timestamp":1772552639731},{"is_buyer_maker":true,"price":0.09,"quantity":19.25,"timestamp":1772552639735},{"is_buyer_maker":true,"price":0.08999,"quantity":11.93,"timestamp":1772552639855},{"is_buyer_maker":true,"price":0.08998,"quantity":0.66,"timestamp":1772552639911},{"is_buyer_maker":true,"price":0.08998,"quantity":0.13,"timestamp":1772552639914},{"is_buyer_maker":true,"price":0.08998,"quantity":0.01,"timestamp":1772552640063},{"is_buyer_maker":false,"price":0.08999,"quantity":21.86,"timestamp":1772552640092},{"is_buyer_maker":false,"price":0.09,"quantity":0.01,"timestamp":1772552640349},{"is_buyer_maker":true,"price":0.08999,"quantity":0.31,"timestamp":1772552640410},{"is_buyer_maker":true,"price":0.08999,"quantity":44.68,"timestamp":1772552640628},{"is_buyer_maker":true,"price":0.08998,"quantity":0.32,"timestamp":1772552640628},{"is_buyer_maker":true,"price":0.08999,"quantity":44.68,"timestamp":1772552640628},{"is_buyer_maker":true,"price":0.08998,"quantity":0.32,"timestamp":1772552640628},{"is_buyer_maker":true,"price":0.08999,"quantity":44.68,"timestamp":1772552640628},{"is_buyer_maker":true,"price":0.08998,"quantity":0.32,"timestamp":1772552640628},{"is_buyer_maker":true,"price":0.08999,"quantity":44.68,"timestamp":1772552640628},{"is_buyer_maker":true,"price":0.08998,"quantity":0.32,"timestamp":1772552640628},{"is_buyer_maker":true,"price":0.08999,"quantity":44.68,"timestamp":1772552640628},{"is_buyer_maker":true,"price":0.08998,"quantity":0.32,"timestamp":1772552640628},{"is_buyer_maker":true,"price":0.08999,"quantity":44.68,"timestamp":1772552640628},{"is_buyer_maker":true,"price":0.08998,"quantity":0.32,"timestamp":1772552640628},{"is_buyer_maker":true,"price":0.08999,"quantity":44.68,"timestamp":1772552640628},{"is_buyer_maker":true,"price":0.08998,"quantity":0.32,"timestamp":1772552640628},{"is_buyer_maker":true,"price":0.08999,"quantity":44.68,"timestamp":1772552640628},{"is_buyer_maker":true,"price":0.08998,"quantity":0.32,"timestamp":1772552640628},{"is_buyer_maker":true,"price":0.08999,"quantity":44.68,"timestamp":1772552640628},{"is_buyer_maker":true,"price":0.08998,"quantity":0.32,"timestamp":1772552640628},{"is_buyer_maker":true,"price":0.08999,"quantity":44.68,"timestamp":1772552640628},{"is_buyer_maker":true,"price":0.08998,"quantity":0.32,"timestamp":1772552640628},{"is_buyer_maker":true,"price":0.08999,"quantity":44.68,"timestamp":1772552640628},{"is_buyer_maker":true,"price":0.08998,"quantity":0.32,"timestamp":1772552640628},{"is_buyer_maker":true,"price":0.08999,"quantity":44.68,"timestamp":1772552640628},{"is_buyer_maker":true,"price":0.08998,"quantity":0.32,"timestamp":1772552640628},{"is_buyer_maker":true,"price":0.08999,"quantity":44.68,"timestamp":1772552640628},{"is_buyer_maker":true,"price":0.08998,"quantity":0.32,"timestamp":1772552640628},{"is_buyer_maker":true,"price":0.08999,"quantity":44.68,"timestamp":1772552640628},{"is_buyer_maker":true,"price":0.08998,"quantity":0.32,"timestamp":1772552640628},{"is_buyer_maker":true,"price":0.08999,"quantity":44.68,"timestamp":1772552640628},{"is_buyer_maker":true,"price":0.08998,"quantity":0.32,"timestamp":1772552640628},{"is_buyer_maker":true,"price":0.08999,"quantity":44.68,"timestamp":1772552640628},{"is_buyer_maker":true,"price":0.08998,"quantity":0.32,"timestamp":1772552640628},{"is_buyer_maker":true,"price":0.08999,"quantity":44.68,"timestamp":1772552640628},{"is_buyer_maker":true,"price":0.08998,"quantity":0.32,"timestamp":1772552640628},{"is_buyer_maker":true,"price":0.08999,"quantity":44.68,"timestamp":1772552640628},{"is_buyer_maker":true,"price":0.08998,"quantity":0.32,"timestamp":1772552640628},{"is_buyer_maker":true,"price":0.08999,"quantity":44.68,"timestamp":1772552640628},{"is_buyer_maker":true,"price":0.08998,"quantity":0.32,"timestamp":1772552640628},{"is_buyer_maker":false,"price":0.08999,"quantity":0.02,"timestamp":1772552640705},{"is_buyer_maker":false,"price":0.08999,"quantity":0.01,"timestamp":1772552640953},{"is_buyer_maker":true,"price":0.08998,"quantity":1.45,"timestamp":1772552641162},{"is_buyer_maker":true,"price":0.08998,"quantity":1.68,"timestamp":1772552641162},{"is_buyer_maker":true,"price":0.08998,"quantity":1.45,"timestamp":1772552641162},{"is_buyer_maker":true,"price":0.08998,"quantity":1.68,"timestamp":1772552641162},{"is_buyer_maker":true,"price":0.08998,"quantity":1.45,"timestamp":1772552641162},{"is_buyer_maker":true,"price":0.08998,"quantity":1.68,"timestamp":1772552641162},{"is_buyer_maker":true,"price":0.08998,"quantity":1.45,"timestamp":1772552641162},{"is_buyer_maker":true,"price":0.08998,"quantity":1.68,"timestamp":1772552641162},{"is_buyer_maker":true,"price":0.08998,"quantity":1.45,"timestamp":1772552641162},{"is_buyer_maker":true,"price":0.08998,"quantity":1.68,"timestamp":1772552641162},{"is_buyer_maker":true,"price":0.08998,"quantity":1.45,"timestamp":1772552641162},{"is_buyer_maker":true,"price":0.08998,"quantity":1.68,"timestamp":1772552641162},{"is_buyer_maker":true,"price":0.08998,"quantity":1.45,"timestamp":1772552641162},{"is_buyer_maker":true,"price":0.08998,"quantity":1.68,"timestamp":1772552641162},{"is_buyer_maker":true,"price":0.08998,"quantity":1.45,"timestamp":1772552641162},{"is_buyer_maker":true,"price":0.08998,"quantity":1.68,"timestamp":1772552641162},{"is_buyer_maker":true,"price":0.08998,"quantity":1.45,"timestamp":1772552641162},{"is_buyer_maker":true,"price":0.08998,"quantity":1.68,"timestamp":1772552641162},{"is_buyer_maker":true,"price":0.08998,"quantity":1.45,"timestamp":1772552641162},{"is_buyer_maker":true,"price":0.08998,"quantity":1.68,"timestamp":1772552641162},{"is_buyer_maker":true,"price":0.08998,"quantity":1.45,"timestamp":1772552641162},{"is_buyer_maker":true,"price":0.08998,"quantity":1.68,"timestamp":1772552641162},{"is_buyer_maker":true,"price":0.08998,"quantity":1.45,"timestamp":1772552641162},{"is_buyer_maker":true,"price":0.08998,"quantity":1.68,"timestamp":1772552641162},{"is_buyer_maker":true,"price":0.08998,"quantity":1.45,"timestamp":1772552641162},{"is_buyer_maker":true,"price":0.08998,"quantity":1.68,"timestamp":1772552641162},{"is_buyer_maker":true,"price":0.08998,"quantity":1.45,"timestamp":1772552641162},{"is_buyer_maker":true,"price":0.08998,"quantity":1.68,"timestamp":1772552641162},{"is_buyer_maker":true,"price":0.08998,"quantity":1.45,"timestamp":1772552641162},{"is_buyer_maker":true,"price":0.08998,"quantity":1.68,"timestamp":1772552641162},{"is_buyer_maker":true,"price":0.08998,"quantity":1.45,"timestamp":1772552641162},{"is_buyer_maker":true,"price":0.08998,"quantity":1.68,"timestamp":1772552641162},{"is_buyer_maker":true,"price":0.08998,"quantity":1.45,"timestamp":1772552641162},{"is_buyer_maker":true,"price":0.08998,"quantity":1.68,"timestamp":1772552641162},{"is_buyer_maker":true,"price":0.08998,"quantity":1.45,"timestamp":1772552641162},{"is_buyer_maker":true,"price":0.08998,"quantity":1.68,"timestamp":1772552641162},{"is_buyer_maker":true,"price":0.08998,"quantity":1.45,"timestamp":1772552641162},{"is_buyer_maker":true,"price":0.08998,"quantity":1.68,"timestamp":1772552641162},{"is_buyer_maker":false,"price":0.08999,"quantity":0.1,"timestamp":1772552641422},{"is_buyer_maker":true,"price":0.08998,"quantity":1.69,"timestamp":1772552641461},{"is_buyer_maker":true,"price":0.08998,"quantity":0.03,"timestamp":1772552641499},{"is_buyer_maker":true,"price":0.08998,"quantity":0.01,"timestamp":1772552641754},{"is_buyer_maker":false,"price":0.08999,"quantity":5.0,"timestamp":1772552642165},{"is_buyer_maker":true,"price":0.08998,"quantity":0.17,"timestamp":1772552642583},{"is_buyer_maker":true,"price":0.08998,"quantity":0.55,"timestamp":1772552642690},{"is_buyer_maker":true,"price":0.08998,"quantity":10.25,"timestamp":1772552642982},{"is_buyer_maker":true,"price":0.08997,"quantity":2.22,"timestamp":1772552642996},{"is_buyer_maker":true,"price":0.08996,"quantity":10.0,"timestamp":1772552643002},{"is_buyer_maker":true,"price":0.08996,"quantity":1.11,"timestamp":1772552643009},{"is_buyer_maker":false,"price":0.08997,"quantity":36.19,"timestamp":1772552643367},{"is_buyer_maker":false,"price":0.08997,"quantity":3.96,"timestamp":1772552643424},{"is_buyer_maker":false,"price":0.08997,"quantity":3.18,"timestamp":1772552643537},{"is_buyer_maker":false,"price":0.08998,"quantity":0.16,"timestamp":1772552643619},{"is_buyer_maker":false,"price":0.08998,"quantity":0.01,"timestamp":1772552643619},{"is_buyer_maker":false,"price":0.08998,"quantity":0.16,"timestamp":1772552643619},{"is_buyer_maker":false,"price":0.08998,"quantity":0.01,"timestamp":1772552643619},{"is_buyer_maker":false,"price":0.08998,"quantity":0.16,"timestamp":1772552643619},{"is_buyer_maker":false,"price":0.08998,"quantity":0.01,"timestamp":1772552643619},{"is_buyer_maker":false,"price":0.08998,"quantity":0.16,"timestamp":1772552643619},{"is_buyer_maker":false,"price":0.08998,"quantity":0.01,"timestamp":1772552643619},{"is_buyer_maker":false,"price":0.08998,"quantity":0.16,"timestamp":1772552643619},{"is_buyer_maker":false,"price":0.08998,"quantity":0.01,"timestamp":1772552643619},{"is_buyer_maker":false,"price":0.08998,"quantity":0.16,"timestamp":1772552643619},{"is_buyer_maker":false,"price":0.08998,"quantity":0.01,"timestamp":1772552643619},{"is_buyer_maker":false,"price":0.08998,"quantity":0.16,"timestamp":1772552643619},{"is_buyer_maker":false,"price":0.08998,"quantity":0.01,"timestamp":1772552643619},{"is_buyer_maker":false,"price":0.08998,"quantity":0.16,"timestamp":1772552643619},{"is_buyer_maker":false,"price":0.08998,"quantity":0.01,"timestamp":1772552643619},{"is_buyer_maker":false,"price":0.08998,"quantity":0.16,"timestamp":1772552643619},{"is_buyer_maker":false,"price":0.08998,"quantity":0.01,"timestamp":1772552643619},{"is_buyer_maker":false,"price":0.08998,"quantity":0.16,"timestamp":1772552643619},{"is_buyer_maker":false,"price":0.08998,"quantity":0.01,"timestamp":1772552643619},{"is_buyer_maker":false,"price":0.08998,"quantity":0.16,"timestamp":1772552643619},{"is_buyer_maker":false,"price":0.08998,"quantity":0.01,"timestamp":1772552643619},{"is_buyer_maker":false,"price":0.08998,"quantity":0.16,"timestamp":1772552643619},{"is_buyer_maker":false,"price":0.08998,"quantity":0.01,"timestamp":1772552643619},{"is_buyer_maker":false,"price":0.08998,"quantity":0.16,"timestamp":1772552643619},{"is_buyer_maker":false,"price":0.08998,"quantity":0.01,"timestamp":1772552643619},{"is_buyer_maker":false,"price":0.08998,"quantity":0.16,"timestamp":1772552643619},{"is_buyer_maker":false,"price":0.08998,"quantity":0.01,"timestamp":1772552643619},{"is_buyer_maker":false,"price":0.08998,"quantity":0.16,"timestamp":1772552643619},{"is_buyer_maker":false,"price":0.08998,"quantity":0.01,"timestamp":1772552643619},{"is_buyer_maker":false,"price":0.08998,"quantity":0.16,"timestamp":1772552643619},{"is_buyer_maker":false,"price":0.08998,"quantity":0.01,"timestamp":1772552643619},{"is_buyer_maker":false,"price":0.08998,"quantity":0.16,"timestamp":1772552643619},{"is_buyer_maker":false,"price":0.08998,"quantity":0.01,"timestamp":1772552643619},{"is_buyer_maker":false,"price":0.08998,"quantity":0.16,"timestamp":1772552643619},{"is_buyer_maker":false,"price":0.08998,"quantity":0.01,"timestamp":1772552643619},{"is_buyer_maker":false,"price":0.08998,"quantity":0.16,"timestamp":1772552643619},{"is_buyer_maker":false,"price":0.08998,"quantity":0.01,"timestamp":1772552643619},{"is_buyer_maker":false,"price":0.08999,"quantity":4.93,"timestamp":1772552643831},{"is_buyer_maker":false,"price":0.09,"quantity":14.97,"timestamp":1772552644954},{"is_buyer_maker":false,"price":0.09001,"quantity":1.11,"timestamp":1772552645011},{"is_buyer_maker":false,"price":0.09001,"quantity":9.94,"timestamp":1772552645513},{"is_buyer_maker":false,"price":0.09002,"quantity":6.48,"timestamp":1772552645513},{"is_buyer_maker":false,"price":0.09001,"quantity":9.94,"timestamp":1772552645513},{"is_buyer_maker":false,"price":0.09002,"quantity":6.48,"timestamp":1772552645513},{"is_buyer_maker":false,"price":0.09001,"quantity":9.94,"timestamp":1772552645513},{"is_buyer_maker":false,"price":0.09002,"quantity":6.48,"timestamp":1772552645513},{"is_buyer_maker":false,"price":0.09001,"quantity":9.94,"timestamp":1772552645513},{"is_buyer_maker":false,"price":0.09002,"quantity":6.48,"timestamp":1772552645513},{"is_buyer_maker":false,"price":0.09001,"quantity":9.94,"timestamp":1772552645513},{"is_buyer_maker":false,"price":0.09002,"quantity":6.48,"timestamp":1772552645513},{"is_buyer_maker":false,"price":0.09001,"quantity":9.94,"timestamp":1772552645513},{"is_buyer_maker":false,"price":0.09002,"quantity":6.48,"timestamp":1772552645513},{"is_buyer_maker":false,"price":0.09001,"quantity":9.94,"timestamp":1772552645513},{"is_buyer_maker":false,"price":0.09002,"quantity":6.48,"timestamp":1772552645513},{"is_buyer_maker":false,"price":0.09001,"quantity":9.94,"timestamp":1772552645513},{"is_buyer_maker":false,"price":0.09002,"quantity":6.48,"timestamp":1772552645513},{"is_buyer_maker":false,"price":0.09001,"quantity":9.94,"timestamp":1772552645513},{"is_buyer_maker":false,"price":0.09002,"quantity":6.48,"timestamp":1772552645513},{"is_buyer_maker":false,"price":0.09001,"quantity":9.94,"timestamp":1772552645513},{"is_buyer_maker":false,"price":0.09002,"quantity":6.48,"timestamp":1772552645513},{"is_buyer_maker":false,"price":0.09001,"quantity":9.94,"timestamp":1772552645513},{"is_buyer_maker":false,"price":0.09002,"quantity":6.48,"timestamp":1772552645513},{"is_buyer_maker":false,"price":0.09001,"quantity":9.94,"timestamp":1772552645513},{"is_buyer_maker":false,"price":0.09002,"quantity":6.48,"timestamp":1772552645513},{"is_buyer_maker":false,"price":0.09001,"quantity":9.94,"timestamp":1772552645513},{"is_buyer_maker":false,"price":0.09002,"quantity":6.48,"timestamp":1772552645513},{"is_buyer_maker":false,"price":0.09001,"quantity":9.94,"timestamp":1772552645513},{"is_buyer_maker":false,"price":0.09002,"quantity":6.48,"timestamp":1772552645513},{"is_buyer_maker":false,"price":0.09001,"quantity":9.94,"timestamp":1772552645513},{"is_buyer_maker":false,"price":0.09002,"quantity":6.48,"timestamp":1772552645513},{"is_buyer_maker":false,"price":0.09001,"quantity":9.94,"timestamp":1772552645513},{"is_buyer_maker":false,"price":0.09002,"quantity":6.48,"timestamp":1772552645513},{"is_buyer_maker":false,"price":0.09001,"quantity":9.94,"timestamp":1772552645513},{"is_buyer_maker":false,"price":0.09002,"quantity":6.48,"timestamp":1772552645513},{"is_buyer_maker":false,"price":0.09001,"quantity":9.94,"timestamp":1772552645513},{"is_buyer_maker":false,"price":0.09002,"quantity":6.48,"timestamp":1772552645513},{"is_buyer_maker":false,"price":0.09001,"quantity":9.94,"timestamp":1772552645513},{"is_buyer_maker":false,"price":0.09002,"quantity":6.48,"timestamp":1772552645513},{"is_buyer_maker":false,"price":0.09003,"quantity":0.29,"timestamp":1772552645522},{"is_buyer_maker":false,"price":0.09004,"quantity":1.11,"timestamp":1772552645565},{"is_buyer_maker":false,"price":0.09004,"quantity":0.34,"timestamp":1772552645789},{"is_buyer_maker":true,"price":0.09004,"quantity":2.0,"timestamp":1772552646160},{"is_buyer_maker":false,"price":0.09005,"quantity":1.11,"timestamp":1772552646600},{"is_buyer_maker":true,"price":0.09004,"quantity":3.78,"timestamp":1772552646920},{"is_buyer_maker":false,"price":0.09005,"quantity":7.5,"timestamp":1772552647298},{"is_buyer_maker":true,"price":0.09004,"quantity":5.16,"timestamp":1772552647464},{"is_buyer_maker":true,"price":0.09003,"quantity":0.29,"timestamp":1772552647566},{"is_buyer_maker":true,"price":0.09003,"quantity":44.85,"timestamp":1772552647567},{"is_buyer_maker":true,"price":0.09002,"quantity":0.87,"timestamp":1772552647569},{"is_buyer_maker":true,"price":0.09001,"quantity":3.13,"timestamp":1772552647610},{"is_buyer_maker":true,"price":0.09001,"quantity":12.67,"timestamp":1772552647637},{"is_buyer_maker":true,"price":0.09001,"quantity":0.01,"timestamp":1772552648721},{"is_buyer_maker":true,"price":0.09001,"quantity":1.34,"timestamp":1772552648816},{"is_buyer_maker":false,"price":0.09001,"quantity":0.08,"timestamp":1772552648965},{"is_buyer_maker":true,"price":0.09,"quantity":0.58,"timestamp":1772552649290},{"is_buyer_maker":true,"price":0.09,"quantity":7.88,"timestamp":1772552649615},{"is_buyer_maker":false,"price":0.09001,"quantity":77.27,"timestamp":1772552649776},{"is_buyer_maker":false,"price":0.09001,"quantity":13.63,"timestamp":1772552650282},{"is_buyer_maker":true,"price":0.09,"quantity":0.11,"timestamp":1772552650490},{"is_buyer_maker":true,"price":0.09,"quantity":15.16,"timestamp":1772552650710},{"is_buyer_maker":true,"price":0.09,"quantity":63.63,"timestamp":1772552650955},{"is_buyer_maker":true,"price":0.08999,"quantity":0.17,"timestamp":1772552651188},{"is_buyer_maker":true,"price":0.08999,"quantity":74.36,"timestamp":1772552651230},{"is_buyer_maker":true,"price":0.08999,"quantity":125.83,"timestamp":1772552651230},{"is_buyer_maker":true,"price":0.08999,"quantity":74.36,"timestamp":1772552651230},{"is_buyer_maker":true,"price":0.08999,"quantity":125.83,"timestamp":1772552651230},{"is_buyer_maker":true,"price":0.08999,"quantity":74.36,"timestamp":1772552651230},{"is_buyer_maker":true,"price":0.08999,"quantity":125.83,"timestamp":1772552651230},{"is_buyer_maker":true,"price":0.08999,"quantity":74.36,"timestamp":1772552651230},{"is_buyer_maker":true,"price":0.08999,"quantity":125.83,"timestamp":1772552651230},{"is_buyer_maker":true,"price":0.08999,"quantity":74.36,"timestamp":1772552651230},{"is_buyer_maker":true,"price":0.08999,"quantity":125.83,"timestamp":1772552651230},{"is_buyer_maker":true,"price":0.08999,"quantity":74.36,"timestamp":1772552651230},{"is_buyer_maker":true,"price":0.08999,"quantity":125.83,"timestamp":1772552651230},{"is_buyer_maker":true,"price":0.08999,"quantity":74.36,"timestamp":1772552651230},{"is_buyer_maker":true,"price":0.08999,"quantity":125.83,"timestamp":1772552651230},{"is_buyer_maker":true,"price":0.08999,"quantity":74.36,"timestamp":1772552651230},{"is_buyer_maker":true,"price":0.08999,"quantity":125.83,"timestamp":1772552651230},{"is_buyer_maker":true,"price":0.08999,"quantity":74.36,"timestamp":1772552651230},{"is_buyer_maker":true,"price":0.08999,"quantity":125.83,"timestamp":1772552651230},{"is_buyer_maker":true,"price":0.08999,"quantity":74.36,"timestamp":1772552651230},{"is_buyer_maker":true,"price":0.08999,"quantity":125.83,"timestamp":1772552651230},{"is_buyer_maker":true,"price":0.08999,"quantity":74.36,"timestamp":1772552651230},{"is_buyer_maker":true,"price":0.08999,"quantity":125.83,"timestamp":1772552651230},{"is_buyer_maker":true,"price":0.08999,"quantity":74.36,"timestamp":1772552651230},{"is_buyer_maker":true,"price":0.08999,"quantity":125.83,"timestamp":1772552651230},{"is_buyer_maker":true,"price":0.08999,"quantity":74.36,"timestamp":1772552651230},{"is_buyer_maker":true,"price":0.08999,"quantity":125.83,"timestamp":1772552651230},{"is_buyer_maker":true,"price":0.08999,"quantity":74.36,"timestamp":1772552651230},{"is_buyer_maker":true,"price":0.08999,"quantity":125.83,"timestamp":1772552651230},{"is_buyer_maker":true,"price":0.08999,"quantity":74.36,"timestamp":1772552651230},{"is_buyer_maker":true,"price":0.08999,"quantity":125.83,"timestamp":1772552651230},{"is_buyer_maker":true,"price":0.08999,"quantity":74.36,"timestamp":1772552651230},{"is_buyer_maker":true,"price":0.08999,"quantity":125.83,"timestamp":1772552651230},{"is_buyer_maker":true,"price":0.08999,"quantity":74.36,"timestamp":1772552651230},{"is_buyer_maker":true,"price":0.08999,"quantity":125.83,"timestamp":1772552651230},{"is_buyer_maker":true,"price":0.08999,"quantity":74.36,"timestamp":1772552651230},{"is_buyer_maker":true,"price":0.08999,"quantity":125.83,"timestamp":1772552651230},{"is_buyer_maker":true,"price":0.08999,"quantity":74.36,"timestamp":1772552651230},{"is_buyer_maker":true,"price":0.08999,"quantity":125.83,"timestamp":1772552651230},{"is_buyer_maker":true,"price":0.08998,"quantity":0.02,"timestamp":1772552652327},{"is_buyer_maker":true,"price":0.08998,"quantity":0.01,"timestamp":1772552652331},{"is_buyer_maker":true,"price":0.08998,"quantity":0.01,"timestamp":1772552652391},{"is_buyer_maker":true,"price":0.08998,"quantity":0.01,"timestamp":1772552652720},{"is_buyer_maker":true,"price":0.08998,"quantity":166.4,"timestamp":1772552652956},{"is_buyer_maker":true,"price":0.08998,"quantity":0.01,"timestamp":1772552653058},{"is_buyer_maker":true,"price":0.08998,"quantity":113.35,"timestamp":1772552653099},{"is_buyer_maker":true,"price":0.08998,"quantity":59.33,"timestamp":1772552653116},{"is_buyer_maker":true,"price":0.08997,"quantity":0.03,"timestamp":1772552653165},{"is_buyer_maker":true,"price":0.08997,"quantity":0.29,"timestamp":1772552653390},{"is_buyer_maker":false,"price":0.08998,"quantity":0.52,"timestamp":1772552653479},{"is_buyer_maker":false,"price":0.08998,"quantity":1.55,"timestamp":1772552653482},{"is_buyer_maker":false,"price":0.08998,"quantity":0.24,"timestamp":1772552653485},{"is_buyer_maker":true,"price":0.08997,"quantity":3.53,"timestamp":1772552653489},{"is_buyer_maker":true,"price":0.08996,"quantity":9.75,"timestamp":1772552653489},{"is_buyer_maker":true,"price":0.08997,"quantity":3.53,"timestamp":1772552653489},{"is_buyer_maker":true,"price":0.08996,"quantity":9.75,"timestamp":1772552653489},{"is_buyer_maker":true,"price":0.08997,"quantity":3.53,"timestamp":1772552653489},{"is_buyer_maker":true,"price":0.08996,"quantity":9.75,"timestamp":1772552653489},{"is_buyer_maker":true,"price":0.08997,"quantity":3.53,"timestamp":1772552653489},{"is_buyer_maker":true,"price":0.08996,"quantity":9.75,"timestamp":1772552653489},{"is_buyer_maker":true,"price":0.08997,"quantity":3.53,"timestamp":1772552653489},{"is_buyer_maker":true,"price":0.08996,"quantity":9.75,"timestamp":1772552653489},{"is_buyer_maker":true,"price":0.08997,"quantity":3.53,"timestamp":1772552653489},{"is_buyer_maker":true,"price":0.08996,"quantity":9.75,"timestamp":1772552653489},{"is_buyer_maker":true,"price":0.08997,"quantity":3.53,"timestamp":1772552653489},{"is_buyer_maker":true,"price":0.08996,"quantity":9.75,"timestamp":1772552653489},{"is_buyer_maker":true,"price":0.08997,"quantity":3.53,"timestamp":1772552653489},{"is_buyer_maker":true,"price":0.08996,"quantity":9.75,"timestamp":1772552653489},{"is_buyer_maker":true,"price":0.08997,"quantity":3.53,"timestamp":1772552653489},{"is_buyer_maker":true,"price":0.08996,"quantity":9.75,"timestamp":1772552653489},{"is_buyer_maker":true,"price":0.08997,"quantity":3.53,"timestamp":1772552653489},{"is_buyer_maker":true,"price":0.08996,"quantity":9.75,"timestamp":1772552653489},{"is_buyer_maker":true,"price":0.08997,"quantity":3.53,"timestamp":1772552653489},{"is_buyer_maker":true,"price":0.08996,"quantity":9.75,"timestamp":1772552653489},{"is_buyer_maker":true,"price":0.08997,"quantity":3.53,"timestamp":1772552653489},{"is_buyer_maker":true,"price":0.08996,"quantity":9.75,"timestamp":1772552653489},{"is_buyer_maker":true,"price":0.08997,"quantity":3.53,"timestamp":1772552653489},{"is_buyer_maker":true,"price":0.08996,"quantity":9.75,"timestamp":1772552653489},{"is_buyer_maker":true,"price":0.08997,"quantity":3.53,"timestamp":1772552653489},{"is_buyer_maker":true,"price":0.08996,"quantity":9.75,"timestamp":1772552653489},{"is_buyer_maker":true,"price":0.08997,"quantity":3.53,"timestamp":1772552653489},{"is_buyer_maker":true,"price":0.08996,"quantity":9.75,"timestamp":1772552653489},{"is_buyer_maker":true,"price":0.08997,"quantity":3.53,"timestamp":1772552653489},{"is_buyer_maker":true,"price":0.08996,"quantity":9.75,"timestamp":1772552653489},{"is_buyer_maker":true,"price":0.08997,"quantity":3.53,"timestamp":1772552653489},{"is_buyer_maker":true,"price":0.08996,"quantity":9.75,"timestamp":1772552653489},{"is_buyer_maker":true,"price":0.08997,"quantity":3.53,"timestamp":1772552653489},{"is_buyer_maker":true,"price":0.08996,"quantity":9.75,"timestamp":1772552653489},{"is_buyer_maker":true,"price":0.08997,"quantity":3.53,"timestamp":1772552653489},{"is_buyer_maker":true,"price":0.08996,"quantity":9.75,"timestamp":1772552653489},{"is_buyer_maker":true,"price":0.08995,"quantity":0.75,"timestamp":1772552653498},{"is_buyer_maker":true,"price":0.08995,"quantity":2.03,"timestamp":1772552653498},{"is_buyer_maker":true,"price":0.08995,"quantity":2.04,"timestamp":1772552653498},{"is_buyer_maker":true,"price":0.08995,"quantity":0.75,"timestamp":1772552653498},{"is_buyer_maker":true,"price":0.08995,"quantity":2.03,"timestamp":1772552653498},{"is_buyer_maker":true,"price":0.08995,"quantity":2.04,"timestamp":1772552653498},{"is_buyer_maker":true,"price":0.08995,"quantity":0.75,"timestamp":1772552653498},{"is_buyer_maker":true,"price":0.08995,"quantity":2.03,"timestamp":1772552653498},{"is_buyer_maker":true,"price":0.08995,"quantity":2.04,"timestamp":1772552653498},{"is_buyer_maker":true,"price":0.08995,"quantity":0.75,"timestamp":1772552653498},{"is_buyer_maker":true,"price":0.08995,"quantity":2.03,"timestamp":1772552653498},{"is_buyer_maker":true,"price":0.08995,"quantity":2.04,"timestamp":1772552653498},{"is_buyer_maker":true,"price":0.08995,"quantity":0.75,"timestamp":1772552653498},{"is_buyer_maker":true,"price":0.08995,"quantity":2.03,"timestamp":1772552653498},{"is_buyer_maker":true,"price":0.08995,"quantity":2.04,"timestamp":1772552653498},{"is_buyer_maker":true,"price":0.08995,"quantity":0.75,"timestamp":1772552653498},{"is_buyer_maker":true,"price":0.08995,"quantity":2.03,"timestamp":1772552653498},{"is_buyer_maker":true,"price":0.08995,"quantity":2.04,"timestamp":1772552653498},{"is_buyer_maker":true,"price":0.08995,"quantity":0.75,"timestamp":1772552653498},{"is_buyer_maker":true,"price":0.08995,"quantity":2.03,"timestamp":1772552653498},{"is_buyer_maker":true,"price":0.08995,"quantity":2.04,"timestamp":1772552653498},{"is_buyer_maker":true,"price":0.08995,"quantity":0.75,"timestamp":1772552653498},{"is_buyer_maker":true,"price":0.08995,"quantity":2.03,"timestamp":1772552653498},{"is_buyer_maker":true,"price":0.08995,"quantity":2.04,"timestamp":1772552653498},{"is_buyer_maker":true,"price":0.08995,"quantity":0.75,"timestamp":1772552653498},{"is_buyer_maker":true,"price":0.08995,"quantity":2.03,"timestamp":1772552653498},{"is_buyer_maker":true,"price":0.08995,"quantity":2.04,"timestamp":1772552653498},{"is_buyer_maker":true,"price":0.08995,"quantity":0.75,"timestamp":1772552653498},{"is_buyer_maker":true,"price":0.08995,"quantity":2.03,"timestamp":1772552653498},{"is_buyer_maker":true,"price":0.08995,"quantity":2.04,"timestamp":1772552653498},{"is_buyer_maker":true,"price":0.08995,"quantity":0.75,"timestamp":1772552653498},{"is_buyer_maker":true,"price":0.08995,"quantity":2.03,"timestamp":1772552653498},{"is_buyer_maker":true,"price":0.08995,"quantity":2.04,"timestamp":1772552653498},{"is_buyer_maker":true,"price":0.08995,"quantity":0.75,"timestamp":1772552653498},{"is_buyer_maker":true,"price":0.08995,"quantity":2.03,"timestamp":1772552653498},{"is_buyer_maker":true,"price":0.08995,"quantity":2.04,"timestamp":1772552653498},{"is_buyer_maker":true,"price":0.08995,"quantity":0.75,"timestamp":1772552653498},{"is_buyer_maker":true,"price":0.08995,"quantity":2.03,"timestamp":1772552653498},{"is_buyer_maker":true,"price":0.08995,"quantity":2.04,"timestamp":1772552653498},{"is_buyer_maker":true,"price":0.08995,"quantity":0.75,"timestamp":1772552653498},{"is_buyer_maker":true,"price":0.08995,"quantity":2.03,"timestamp":1772552653498},{"is_buyer_maker":true,"price":0.08995,"quantity":2.04,"timestamp":1772552653498},{"is_buyer_maker":true,"price":0.08995,"quantity":0.75,"timestamp":1772552653498},{"is_buyer_maker":true,"price":0.08995,"quantity":2.03,"timestamp":1772552653498},{"is_buyer_maker":true,"price":0.08995,"quantity":2.04,"timestamp":1772552653498},{"is_buyer_maker":true,"price":0.08995,"quantity":0.75,"timestamp":1772552653498},{"is_buyer_maker":true,"price":0.08995,"quantity":2.03,"timestamp":1772552653498},{"is_buyer_maker":true,"price":0.08995,"quantity":2.04,"timestamp":1772552653498},{"is_buyer_maker":true,"price":0.08995,"quantity":0.75,"timestamp":1772552653498},{"is_buyer_maker":true,"price":0.08995,"quantity":2.03,"timestamp":1772552653498},{"is_buyer_maker":true,"price":0.08995,"quantity":2.04,"timestamp":1772552653498},{"is_buyer_maker":true,"price":0.08995,"quantity":0.75,"timestamp":1772552653498},{"is_buyer_maker":true,"price":0.08995,"quantity":2.03,"timestamp":1772552653498},{"is_buyer_maker":true,"price":0.08995,"quantity":2.04,"timestamp":1772552653498},{"is_buyer_maker":true,"price":0.08995,"quantity":0.75,"timestamp":1772552653498},{"is_buyer_maker":true,"price":0.08995,"quantity":2.03,"timestamp":1772552653498},{"is_buyer_maker":true,"price":0.08995,"quantity":2.04,"timestamp":1772552653498},{"is_buyer_maker":true,"price":0.08995,"quantity":32.12,"timestamp":1772552653500},{"is_buyer_maker":true,"price":0.08994,"quantity":1.53,"timestamp":1772552653605},{"is_buyer_maker":true,"price":0.08993,"quantity":74.38,"timestamp":1772552653612},{"is_buyer_maker":false,"price":0.08994,"quantity":0.52,"timestamp":1772552653659},{"is_buyer_maker":false,"price":0.08994,"quantity":1.55,"timestamp":1772552653660},{"is_buyer_maker":false,"price":0.08994,"quantity":0.24,"timestamp":1772552653672},{"is_buyer_maker":true,"price":0.08993,"quantity":1.27,"timestamp":1772552653883},{"is_buyer_maker":true,"price":0.08993,"quantity":0.17,"timestamp":1772552653945},{"is_buyer_maker":false,"price":0.08994,"quantity":0.02,"timestamp":1772552654046},{"is_buyer_maker":true,"price":0.08993,"quantity":1.35,"timestamp":1772552654073},{"is_buyer_maker":true,"price":0.08993,"quantity":2.44,"timestamp":1772552654129},{"is_buyer_maker":true,"price":0.08993,"quantity":0.21,"timestamp":1772552654253},{"is_buyer_maker":true,"price":0.08993,"quantity":0.1,"timestamp":1772552654295},{"is_buyer_maker":true,"price":0.08993,"quantity":31.03,"timestamp":1772552654329},{"is_buyer_maker":true,"price":0.08992,"quantity":18.97,"timestamp":1772552654329},{"is_buyer_maker":true,"price":0.08993,"quantity":31.03,"timestamp":1772552654329},{"is_buyer_maker":true,"price":0.08992,"quantity":18.97,"timestamp":1772552654329},{"is_buyer_maker":true,"price":0.08993,"quantity":31.03,"timestamp":1772552654329},{"is_buyer_maker":true,"price":0.08992,"quantity":18.97,"timestamp":1772552654329},{"is_buyer_maker":true,"price":0.08993,"quantity":31.03,"timestamp":1772552654329},{"is_buyer_maker":true,"price":0.08992,"quantity":18.97,"timestamp":1772552654329},{"is_buyer_maker":true,"price":0.08993,"quantity":31.03,"timestamp":1772552654329},{"is_buyer_maker":true,"price":0.08992,"quantity":18.97,"timestamp":1772552654329},{"is_buyer_maker":true,"price":0.08993,"quantity":31.03,"timestamp":1772552654329},{"is_buyer_maker":true,"price":0.08992,"quantity":18.97,"timestamp":1772552654329},{"is_buyer_maker":true,"price":0.08993,"quantity":31.03,"timestamp":1772552654329},{"is_buyer_maker":true,"price":0.08992,"quantity":18.97,"timestamp":1772552654329},{"is_buyer_maker":true,"price":0.08993,"quantity":31.03,"timestamp":1772552654329},{"is_buyer_maker":true,"price":0.08992,"quantity":18.97,"timestamp":1772552654329},{"is_buyer_maker":true,"price":0.08993,"quantity":31.03,"timestamp":1772552654329},{"is_buyer_maker":true,"price":0.08992,"quantity":18.97,"timestamp":1772552654329},{"is_buyer_maker":true,"price":0.08993,"quantity":31.03,"timestamp":1772552654329},{"is_buyer_maker":true,"price":0.08992,"quantity":18.97,"timestamp":1772552654329},{"is_buyer_maker":true,"price":0.08993,"quantity":31.03,"timestamp":1772552654329},{"is_buyer_maker":true,"price":0.08992,"quantity":18.97,"timestamp":1772552654329},{"is_buyer_maker":true,"price":0.08993,"quantity":31.03,"timestamp":1772552654329},{"is_buyer_maker":true,"price":0.08992,"quantity":18.97,"timestamp":1772552654329},{"is_buyer_maker":true,"price":0.08993,"quantity":31.03,"timestamp":1772552654329},{"is_buyer_maker":true,"price":0.08992,"quantity":18.97,"timestamp":1772552654329},{"is_buyer_maker":true,"price":0.08993,"quantity":31.03,"timestamp":1772552654329},{"is_buyer_maker":true,"price":0.08992,"quantity":18.97,"timestamp":1772552654329},{"is_buyer_maker":true,"price":0.08993,"quantity":31.03,"timestamp":1772552654329},{"is_buyer_maker":true,"price":0.08992,"quantity":18.97,"timestamp":1772552654329},{"is_buyer_maker":true,"price":0.08993,"quantity":31.03,"timestamp":1772552654329},{"is_buyer_maker":true,"price":0.08992,"quantity":18.97,"timestamp":1772552654329},{"is_buyer_maker":true,"price":0.08993,"quantity":31.03,"timestamp":1772552654329},{"is_buyer_maker":true,"price":0.08992,"quantity":18.97,"timestamp":1772552654329},{"is_buyer_maker":true,"price":0.08993,"quantity":31.03,"timestamp":1772552654329},{"is_buyer_maker":true,"price":0.08992,"quantity":18.97,"timestamp":1772552654329},{"is_buyer_maker":true,"price":0.08993,"quantity":31.03,"timestamp":1772552654329},{"is_buyer_maker":true,"price":0.08992,"quantity":18.97,"timestamp":1772552654329},{"is_buyer_maker":true,"price":0.08992,"quantity":0.13,"timestamp":1772552654334},{"is_buyer_maker":true,"price":0.08992,"quantity":72.7,"timestamp":1772552654334},{"is_buyer_maker":true,"price":0.08992,"quantity":0.13,"timestamp":1772552654334},{"is_buyer_maker":true,"price":0.08992,"quantity":72.7,"timestamp":1772552654334},{"is_buyer_maker":true,"price":0.08992,"quantity":0.13,"timestamp":1772552654334},{"is_buyer_maker":true,"price":0.08992,"quantity":72.7,"timestamp":1772552654334},{"is_buyer_maker":true,"price":0.08992,"quantity":0.13,"timestamp":1772552654334},{"is_buyer_maker":true,"price":0.08992,"quantity":72.7,"timestamp":1772552654334},{"is_buyer_maker":true,"price":0.08992,"quantity":0.13,"timestamp":1772552654334},{"is_buyer_maker":true,"price":0.08992,"quantity":72.7,"timestamp":1772552654334},{"is_buyer_maker":true,"price":0.08992,"quantity":0.13,"timestamp":1772552654334},{"is_buyer_maker":true,"price":0.08992,"quantity":72.7,"timestamp":1772552654334},{"is_buyer_maker":true,"price":0.08992,"quantity":0.13,"timestamp":1772552654334},{"is_buyer_maker":true,"price":0.08992,"quantity":72.7,"timestamp":1772552654334},{"is_buyer_maker":true,"price":0.08992,"quantity":0.13,"timestamp":1772552654334},{"is_buyer_maker":true,"price":0.08992,"quantity":72.7,"timestamp":1772552654334},{"is_buyer_maker":true,"price":0.08992,"quantity":0.13,"timestamp":1772552654334},{"is_buyer_maker":true,"price":0.08992,"quantity":72.7,"timestamp":1772552654334},{"is_buyer_maker":true,"price":0.08992,"quantity":0.13,"timestamp":1772552654334},{"is_buyer_maker":true,"price":0.08992,"quantity":72.7,"timestamp":1772552654334},{"is_buyer_maker":true,"price":0.08992,"quantity":0.13,"timestamp":1772552654334},{"is_buyer_maker":true,"price":0.08992,"quantity":72.7,"timestamp":1772552654334},{"is_buyer_maker":true,"price":0.08992,"quantity":0.13,"timestamp":1772552654334},{"is_buyer_maker":true,"price":0.08992,"quantity":72.7,"timestamp":1772552654334},{"is_buyer_maker":true,"price":0.08992,"quantity":0.13,"timestamp":1772552654334},{"is_buyer_maker":true,"price":0.08992,"quantity":72.7,"timestamp":1772552654334},{"is_buyer_maker":true,"price":0.08992,"quantity":0.13,"timestamp":1772552654334},{"is_buyer_maker":true,"price":0.08992,"quantity":72.7,"timestamp":1772552654334},{"is_buyer_maker":true,"price":0.08992,"quantity":0.13,"timestamp":1772552654334},{"is_buyer_maker":true,"price":0.08992,"quantity":72.7,"timestamp":1772552654334},{"is_buyer_maker":true,"price":0.08992,"quantity":0.13,"timestamp":1772552654334},{"is_buyer_maker":true,"price":0.08992,"quantity":72.7,"timestamp":1772552654334},{"is_buyer_maker":true,"price":0.08992,"quantity":0.13,"timestamp":1772552654334},{"is_buyer_maker":true,"price":0.08992,"quantity":72.7,"timestamp":1772552654334},{"is_buyer_maker":true,"price":0.08992,"quantity":0.13,"timestamp":1772552654334},{"is_buyer_maker":true,"price":0.08992,"quantity":72.7,"timestamp":1772552654334},{"is_buyer_maker":true,"price":0.08992,"quantity":0.13,"timestamp":1772552654334},{"is_buyer_maker":true,"price":0.08992,"quantity":72.7,"timestamp":1772552654334},{"is_buyer_maker":true,"price":0.08992,"quantity":0.13,"timestamp":1772552654336},{"is_buyer_maker":true,"price":0.08992,"quantity":0.18,"timestamp":1772552654389},{"is_buyer_maker":true,"price":0.08992,"quantity":0.14,"timestamp":1772552654419},{"is_buyer_maker":false,"price":0.08993,"quantity":4.44,"timestamp":1772552654523},{"is_buyer_maker":true,"price":0.08992,"quantity":0.03,"timestamp":1772552654528},{"is_buyer_maker":true,"price":0.08992,"quantity":0.01,"timestamp":1772552654600},{"is_buyer_maker":true,"price":0.08992,"quantity":0.96,"timestamp":1772552654659},{"is_buyer_maker":true,"price":0.08992,"quantity":0.01,"timestamp":1772552654665},{"is_buyer_maker":true,"price":0.08992,"quantity":0.06,"timestamp":1772552654665},{"is_buyer_maker":true,"price":0.08992,"quantity":0.01,"timestamp":1772552654665},{"is_buyer_maker":true,"price":0.08992,"quantity":0.06,"timestamp":1772552654665},{"is_buyer_maker":true,"price":0.08992,"quantity":0.01,"timestamp":1772552654665},{"is_buyer_maker":true,"price":0.08992,"quantity":0.06,"timestamp":1772552654665},{"is_buyer_maker":true,"price":0.08992,"quantity":0.01,"timestamp":1772552654665},{"is_buyer_maker":true,"price":0.08992,"quantity":0.06,"timestamp":1772552654665},{"is_buyer_maker":true,"price":0.08992,"quantity":0.01,"timestamp":1772552654665},{"is_buyer_maker":true,"price":0.08992,"quantity":0.06,"timestamp":1772552654665},{"is_buyer_maker":true,"price":0.08992,"quantity":0.01,"timestamp":1772552654665},{"is_buyer_maker":true,"price":0.08992,"quantity":0.06,"timestamp":1772552654665},{"is_buyer_maker":true,"price":0.08992,"quantity":0.01,"timestamp":1772552654665},{"is_buyer_maker":true,"price":0.08992,"quantity":0.06,"timestamp":1772552654665},{"is_buyer_maker":true,"price":0.08992,"quantity":0.01,"timestamp":1772552654665},{"is_buyer_maker":true,"price":0.08992,"quantity":0.06,"timestamp":1772552654665},{"is_buyer_maker":true,"price":0.08992,"quantity":0.01,"timestamp":1772552654665},{"is_buyer_maker":true,"price":0.08992,"quantity":0.06,"timestamp":1772552654665},{"is_buyer_maker":true,"price":0.08992,"quantity":0.01,"timestamp":1772552654665},{"is_buyer_maker":true,"price":0.08992,"quantity":0.06,"timestamp":1772552654665},{"is_buyer_maker":true,"price":0.08992,"quantity":0.01,"timestamp":1772552654665},{"is_buyer_maker":true,"price":0.08992,"quantity":0.06,"timestamp":1772552654665},{"is_buyer_maker":true,"price":0.08992,"quantity":0.01,"timestamp":1772552654665},{"is_buyer_maker":true,"price":0.08992,"quantity":0.06,"timestamp":1772552654665},{"is_buyer_maker":true,"price":0.08992,"quantity":0.01,"timestamp":1772552654665},{"is_buyer_maker":true,"price":0.08992,"quantity":0.06,"timestamp":1772552654665},{"is_buyer_maker":true,"price":0.08992,"quantity":0.01,"timestamp":1772552654665},{"is_buyer_maker":true,"price":0.08992,"quantity":0.06,"timestamp":1772552654665},{"is_buyer_maker":true,"price":0.08992,"quantity":0.01,"timestamp":1772552654665},{"is_buyer_maker":true,"price":0.08992,"quantity":0.06,"timestamp":1772552654665},{"is_buyer_maker":true,"price":0.08992,"quantity":0.01,"timestamp":1772552654665},{"is_buyer_maker":true,"price":0.08992,"quantity":0.06,"timestamp":1772552654665},{"is_buyer_maker":true,"price":0.08992,"quantity":0.01,"timestamp":1772552654665},{"is_buyer_maker":true,"price":0.08992,"quantity":0.06,"timestamp":1772552654665},{"is_buyer_maker":true,"price":0.08992,"quantity":0.01,"timestamp":1772552654665},{"is_buyer_maker":true,"price":0.08992,"quantity":0.06,"timestamp":1772552654665},{"is_buyer_maker":true,"price":0.08992,"quantity":0.01,"timestamp":1772552654665},{"is_buyer_maker":true,"price":0.08992,"quantity":0.06,"timestamp":1772552654665},{"is_buyer_maker":true,"price":0.08992,"quantity":0.09,"timestamp":1772552654701},{"is_buyer_maker":true,"price":0.08992,"quantity":0.56,"timestamp":1772552654862},{"is_buyer_maker":true,"price":0.08992,"quantity":0.92,"timestamp":1772552654889},{"is_buyer_maker":true,"price":0.08992,"quantity":0.25,"timestamp":1772552654914},{"is_buyer_maker":true,"price":0.08992,"quantity":0.02,"timestamp":1772552655081},{"is_buyer_maker":true,"price":0.08992,"quantity":1.55,"timestamp":1772552655363},{"is_buyer_maker":true,"price":0.08992,"quantity":8.0,"timestamp":1772552655464},{"is_buyer_maker":true,"price":0.08992,"quantity":0.25,"timestamp":1772552655507},{"is_buyer_maker":true,"price":0.08992,"quantity":1.6,"timestamp":1772552655721},{"is_buyer_maker":true,"price":0.08991,"quantity":0.06,"timestamp":1772552655820},{"is_buyer_maker":true,"price":0.08991,"quantity":1.65,"timestamp":1772552655824},{"is_buyer_maker":true,"price":0.08991,"quantity":0.01,"timestamp":1772552656079},{"is_buyer_maker":true,"price":0.08991,"quantity":0.02,"timestamp":1772552656145},{"is_buyer_maker":true,"price":0.08991,"quantity":0.82,"timestamp":1772552656152},{"is_buyer_maker":true,"price":0.08991,"quantity":0.13,"timestamp":1772552656152},{"is_buyer_maker":true,"price":0.08991,"quantity":0.82,"timestamp":1772552656152},{"is_buyer_maker":true,"price":0.08991,"quantity":0.13,"timestamp":1772552656152},{"is_buyer_maker":true,"price":0.08991,"quantity":0.82,"timestamp":1772552656152},{"is_buyer_maker":true,"price":0.08991,"quantity":0.13,"timestamp":1772552656152},{"is_buyer_maker":true,"price":0.08991,"quantity":0.82,"timestamp":1772552656152},{"is_buyer_maker":true,"price":0.08991,"quantity":0.13,"timestamp":1772552656152},{"is_buyer_maker":true,"price":0.08991,"quantity":0.82,"timestamp":1772552656152},{"is_buyer_maker":true,"price":0.08991,"quantity":0.13,"timestamp":1772552656152},{"is_buyer_maker":true,"price":0.08991,"quantity":0.82,"timestamp":1772552656152},{"is_buyer_maker":true,"price":0.08991,"quantity":0.13,"timestamp":1772552656152},{"is_buyer_maker":true,"price":0.08991,"quantity":0.82,"timestamp":1772552656152},{"is_buyer_maker":true,"price":0.08991,"quantity":0.13,"timestamp":1772552656152},{"is_buyer_maker":true,"price":0.08991,"quantity":0.82,"timestamp":1772552656152},{"is_buyer_maker":true,"price":0.08991,"quantity":0.13,"timestamp":1772552656152},{"is_buyer_maker":true,"price":0.08991,"quantity":0.82,"timestamp":1772552656152},{"is_buyer_maker":true,"price":0.08991,"quantity":0.13,"timestamp":1772552656152},{"is_buyer_maker":true,"price":0.08991,"quantity":0.82,"timestamp":1772552656152},{"is_buyer_maker":true,"price":0.08991,"quantity":0.13,"timestamp":1772552656152},{"is_buyer_maker":true,"price":0.08991,"quantity":0.82,"timestamp":1772552656152},{"is_buyer_maker":true,"price":0.08991,"quantity":0.13,"timestamp":1772552656152},{"is_buyer_maker":true,"price":0.08991,"quantity":0.82,"timestamp":1772552656152},{"is_buyer_maker":true,"price":0.08991,"quantity":0.13,"timestamp":1772552656152},{"is_buyer_maker":true,"price":0.08991,"quantity":0.82,"timestamp":1772552656152},{"is_buyer_maker":true,"price":0.08991,"quantity":0.13,"timestamp":1772552656152},{"is_buyer_maker":true,"price":0.08991,"quantity":0.82,"timestamp":1772552656152},{"is_buyer_maker":true,"price":0.08991,"quantity":0.13,"timestamp":1772552656152},{"is_buyer_maker":true,"price":0.08991,"quantity":0.82,"timestamp":1772552656152},{"is_buyer_maker":true,"price":0.08991,"quantity":0.13,"timestamp":1772552656152},{"is_buyer_maker":true,"price":0.08991,"quantity":0.82,"timestamp":1772552656152},{"is_buyer_maker":true,"price":0.08991,"quantity":0.13,"timestamp":1772552656152},{"is_buyer_maker":true,"price":0.08991,"quantity":0.82,"timestamp":1772552656152},{"is_buyer_maker":true,"price":0.08991,"quantity":0.13,"timestamp":1772552656152},{"is_buyer_maker":true,"price":0.08991,"quantity":0.82,"timestamp":1772552656152},{"is_buyer_maker":true,"price":0.08991,"quantity":0.13,"timestamp":1772552656152},{"is_buyer_maker":true,"price":0.08991,"quantity":0.82,"timestamp":1772552656152},{"is_buyer_maker":true,"price":0.08991,"quantity":0.13,"timestamp":1772552656152},{"is_buyer_maker":true,"price":0.08991,"quantity":1.57,"timestamp":1772552656327},{"is_buyer_maker":false,"price":0.08992,"quantity":1.0,"timestamp":1772552656334},{"is_buyer_maker":true,"price":0.08991,"quantity":1.06,"timestamp":1772552656486},{"is_buyer_maker":true,"price":0.08991,"quantity":0.14,"timestamp":1772552656487},{"is_buyer_maker":true,"price":0.08991,"quantity":0.02,"timestamp":1772552656520},{"is_buyer_maker":true,"price":0.08991,"quantity":0.52,"timestamp":1772552656736},{"is_buyer_maker":true,"price":0.08991,"quantity":0.01,"timestamp":1772552656815},{"is_buyer_maker":true,"price":0.08991,"quantity":0.01,"timestamp":1772552656842},{"is_buyer_maker":true,"price":0.08991,"quantity":3.66,"timestamp":1772552656897},{"is_buyer_maker":false,"price":0.08992,"quantity":5.76,"timestamp":1772552656957},{"is_buyer_maker":false,"price":0.08992,"quantity":0.04,"timestamp":1772552656964},{"is_buyer_maker":false,"price":0.08992,"quantity":11.05,"timestamp":1772552657053},{"is_buyer_maker":true,"price":0.08991,"quantity":0.01,"timestamp":1772552657143},{"is_buyer_maker":false,"price":0.08992,"quantity":155.29,"timestamp":1772552657197},{"is_buyer_maker":true,"price":0.08992,"quantity":0.01,"timestamp":1772552657465},{"is_buyer_maker":true,"price":0.08992,"quantity":0.02,"timestamp":1772552657660},{"is_buyer_maker":true,"price":0.08992,"quantity":0.4,"timestamp":1772552657699},{"is_buyer_maker":false,"price":0.08993,"quantity":10.0,"timestamp":1772552658026},{"is_buyer_maker":true,"price":0.08992,"quantity":32.43,"timestamp":1772552658035},{"is_buyer_maker":true,"price":0.08991,"quantity":0.01,"timestamp":1772552658296},{"is_buyer_maker":false,"price":0.08992,"quantity":5.34,"timestamp":1772552658698},{"is_buyer_maker":true,"price":0.08991,"quantity":51.16,"timestamp":1772552658848},{"is_buyer_maker":false,"price":0.08991,"quantity":1.8,"timestamp":1772552659124},{"is_buyer_maker":false,"price":0.08991,"quantity":7.78,"timestamp":1772552659371},{"is_buyer_maker":true,"price":0.08991,"quantity":0.01,"timestamp":1772552659471},{"is_buyer_maker":false,"price":0.08992,"quantity":10.0,"timestamp":1772552659478},{"is_buyer_maker":false,"price":0.08992,"quantity":0.01,"timestamp":1772552659938},{"is_buyer_maker":false,"price":0.08992,"quantity":10.0,"timestamp":1772552660538},{"is_buyer_maker":false,"price":0.08992,"quantity":0.99,"timestamp":1772552660546},{"is_buyer_maker":true,"price":0.08991,"quantity":167.82,"timestamp":1772552660847},{"is_buyer_maker":true,"price":0.0899,"quantity":422.63,"timestamp":1772552660847},{"is_buyer_maker":true,"price":0.08991,"quantity":167.82,"timestamp":1772552660847},{"is_buyer_maker":true,"price":0.0899,"quantity":422.63,"timestamp":1772552660847},{"is_buyer_maker":true,"price":0.08991,"quantity":167.82,"timestamp":1772552660847},{"is_buyer_maker":true,"price":0.0899,"quantity":422.63,"timestamp":1772552660847},{"is_buyer_maker":true,"price":0.08991,"quantity":167.82,"timestamp":1772552660847},{"is_buyer_maker":true,"price":0.0899,"quantity":422.63,"timestamp":1772552660847},{"is_buyer_maker":true,"price":0.08991,"quantity":167.82,"timestamp":1772552660847},{"is_buyer_maker":true,"price":0.0899,"quantity":422.63,"timestamp":1772552660847},{"is_buyer_maker":true,"price":0.08991,"quantity":167.82,"timestamp":1772552660847},{"is_buyer_maker":true,"price":0.0899,"quantity":422.63,"timestamp":1772552660847},{"is_buyer_maker":true,"price":0.08991,"quantity":167.82,"timestamp":1772552660847},{"is_buyer_maker":true,"price":0.0899,"quantity":422.63,"timestamp":1772552660847},{"is_buyer_maker":true,"price":0.08991,"quantity":167.82,"timestamp":1772552660847},{"is_buyer_maker":true,"price":0.0899,"quantity":422.63,"timestamp":1772552660847},{"is_buyer_maker":true,"price":0.08991,"quantity":167.82,"timestamp":1772552660847},{"is_buyer_maker":true,"price":0.0899,"quantity":422.63,"timestamp":1772552660847},{"is_buyer_maker":true,"price":0.08991,"quantity":167.82,"timestamp":1772552660847},{"is_buyer_maker":true,"price":0.0899,"quantity":422.63,"timestamp":1772552660847},{"is_buyer_maker":true,"price":0.08991,"quantity":167.82,"timestamp":1772552660847},{"is_buyer_maker":true,"price":0.0899,"quantity":422.63,"timestamp":1772552660847},{"is_buyer_maker":true,"price":0.08991,"quantity":167.82,"timestamp":1772552660847},{"is_buyer_maker":true,"price":0.0899,"quantity":422.63,"timestamp":1772552660847},{"is_buyer_maker":true,"price":0.08991,"quantity":167.82,"timestamp":1772552660847},{"is_buyer_maker":true,"price":0.0899,"quantity":422.63,"timestamp":1772552660847},{"is_buyer_maker":true,"price":0.08991,"quantity":167.82,"timestamp":1772552660847},{"is_buyer_maker":true,"price":0.0899,"quantity":422.63,"timestamp":1772552660847},{"is_buyer_maker":true,"price":0.08991,"quantity":167.82,"timestamp":1772552660847},{"is_buyer_maker":true,"price":0.0899,"quantity":422.63,"timestamp":1772552660847},{"is_buyer_maker":true,"price":0.08991,"quantity":167.82,"timestamp":1772552660847},{"is_buyer_maker":true,"price":0.0899,"quantity":422.63,"timestamp":1772552660847},{"is_buyer_maker":true,"price":0.08991,"quantity":167.82,"timestamp":1772552660847},{"is_buyer_maker":true,"price":0.0899,"quantity":422.63,"timestamp":1772552660847},{"is_buyer_maker":true,"price":0.08991,"quantity":167.82,"timestamp":1772552660847},{"is_buyer_maker":true,"price":0.0899,"quantity":422.63,"timestamp":1772552660847},{"is_buyer_maker":true,"price":0.08991,"quantity":167.82,"timestamp":1772552660847},{"is_buyer_maker":true,"price":0.0899,"quantity":422.63,"timestamp":1772552660847},{"is_buyer_maker":true,"price":0.08991,"quantity":1.21,"timestamp":1772552660852},{"is_buyer_maker":true,"price":0.08991,"quantity":4.25,"timestamp":1772552660853},{"is_buyer_maker":true,"price":0.08991,"quantity":0.1,"timestamp":1772552660855},{"is_buyer_maker":true,"price":0.0899,"quantity":0.56,"timestamp":1772552661116},{"is_buyer_maker":true,"price":0.08989,"quantity":14.77,"timestamp":1772552661151},{"is_buyer_maker":true,"price":0.08988,"quantity":12.83,"timestamp":1772552661158},{"is_buyer_maker":true,"price":0.08988,"quantity":10.0,"timestamp":1772552661163},{"is_buyer_maker":true,"price":0.08988,"quantity":6.43,"timestamp":1772552661755},{"is_buyer_maker":true,"price":0.08988,"quantity":25.45,"timestamp":1772552661755},{"is_buyer_maker":true,"price":0.08988,"quantity":6.43,"timestamp":1772552661755},{"is_buyer_maker":true,"price":0.08988,"quantity":25.45,"timestamp":1772552661755},{"is_buyer_maker":true,"price":0.08988,"quantity":6.43,"timestamp":1772552661755},{"is_buyer_maker":true,"price":0.08988,"quantity":25.45,"timestamp":1772552661755},{"is_buyer_maker":true,"price":0.08988,"quantity":6.43,"timestamp":1772552661755},{"is_buyer_maker":true,"price":0.08988,"quantity":25.45,"timestamp":1772552661755},{"is_buyer_maker":true,"price":0.08988,"quantity":6.43,"timestamp":1772552661755},{"is_buyer_maker":true,"price":0.08988,"quantity":25.45,"timestamp":1772552661755},{"is_buyer_maker":true,"price":0.08988,"quantity":6.43,"timestamp":1772552661755},{"is_buyer_maker":true,"price":0.08988,"quantity":25.45,"timestamp":1772552661755},{"is_buyer_maker":true,"price":0.08988,"quantity":6.43,"timestamp":1772552661755},{"is_buyer_maker":true,"price":0.08988,"quantity":25.45,"timestamp":1772552661755},{"is_buyer_maker":true,"price":0.08988,"quantity":6.43,"timestamp":1772552661755},{"is_buyer_maker":true,"price":0.08988,"quantity":25.45,"timestamp":1772552661755},{"is_buyer_maker":true,"price":0.08988,"quantity":6.43,"timestamp":1772552661755},{"is_buyer_maker":true,"price":0.08988,"quantity":25.45,"timestamp":1772552661755},{"is_buyer_maker":true,"price":0.08988,"quantity":6.43,"timestamp":1772552661755},{"is_buyer_maker":true,"price":0.08988,"quantity":25.45,"timestamp":1772552661755},{"is_buyer_maker":true,"price":0.08988,"quantity":6.43,"timestamp":1772552661755},{"is_buyer_maker":true,"price":0.08988,"quantity":25.45,"timestamp":1772552661755},{"is_buyer_maker":true,"price":0.08988,"quantity":6.43,"timestamp":1772552661755},{"is_buyer_maker":true,"price":0.08988,"quantity":25.45,"timestamp":1772552661755},{"is_buyer_maker":true,"price":0.08988,"quantity":6.43,"timestamp":1772552661755},{"is_buyer_maker":true,"price":0.08988,"quantity":25.45,"timestamp":1772552661755},{"is_buyer_maker":true,"price":0.08988,"quantity":6.43,"timestamp":1772552661755},{"is_buyer_maker":true,"price":0.08988,"quantity":25.45,"timestamp":1772552661755},{"is_buyer_maker":true,"price":0.08988,"quantity":6.43,"timestamp":1772552661755},{"is_buyer_maker":true,"price":0.08988,"quantity":25.45,"timestamp":1772552661755},{"is_buyer_maker":true,"price":0.08988,"quantity":6.43,"timestamp":1772552661755},{"is_buyer_maker":true,"price":0.08988,"quantity":25.45,"timestamp":1772552661755},{"is_buyer_maker":true,"price":0.08988,"quantity":6.43,"timestamp":1772552661755},{"is_buyer_maker":true,"price":0.08988,"quantity":25.45,"timestamp":1772552661755},{"is_buyer_maker":true,"price":0.08988,"quantity":6.43,"timestamp":1772552661755},{"is_buyer_maker":true,"price":0.08988,"quantity":25.45,"timestamp":1772552661755},{"is_buyer_maker":true,"price":0.08988,"quantity":6.43,"timestamp":1772552661755},{"is_buyer_maker":true,"price":0.08988,"quantity":25.45,"timestamp":1772552661755},{"is_buyer_maker":false,"price":0.08988,"quantity":0.01,"timestamp":1772552661769},{"is_buyer_maker":true,"price":0.08987,"quantity":0.24,"timestamp":1772552661938},{"is_buyer_maker":false,"price":0.08988,"quantity":9.16,"timestamp":1772552662316},{"is_buyer_maker":false,"price":0.08989,"quantity":7.96,"timestamp":1772552662361},{"is_buyer_maker":false,"price":0.0899,"quantity":0.8,"timestamp":1772552662384},{"is_buyer_maker":true,"price":0.08989,"quantity":0.01,"timestamp":1772552662466},{"is_buyer_maker":false,"price":0.0899,"quantity":16.19,"timestamp":1772552662493},{"is_buyer_maker":true,"price":0.0899,"quantity":0.01,"timestamp":1772552662871},{"is_buyer_maker":false,"price":0.08991,"quantity":6.66,"timestamp":1772552662944},{"is_buyer_maker":true,"price":0.0899,"quantity":519.44,"timestamp":1772552662962},{"is_buyer_maker":false,"price":0.08991,"quantity":5.0,"timestamp":1772552664522},{"is_buyer_maker":true,"price":0.0899,"quantity":3.9,"timestamp":1772552664533},{"is_buyer_maker":true,"price":0.08989,"quantity":6.33,"timestamp":1772552664533},{"is_buyer_maker":true,"price":0.0899,"quantity":3.9,"timestamp":1772552664533},{"is_buyer_maker":true,"price":0.08989,"quantity":6.33,"timestamp":1772552664533},{"is_buyer_maker":true,"price":0.0899,"quantity":3.9,"timestamp":1772552664533},{"is_buyer_maker":true,"price":0.08989,"quantity":6.33,"timestamp":1772552664533},{"is_buyer_maker":true,"price":0.0899,"quantity":3.9,"timestamp":1772552664533},{"is_buyer_maker":true,"price":0.08989,"quantity":6.33,"timestamp":1772552664533},{"is_buyer_maker":true,"price":0.0899,"quantity":3.9,"timestamp":1772552664533},{"is_buyer_maker":true,"price":0.08989,"quantity":6.33,"timestamp":1772552664533},{"is_buyer_maker":true,"price":0.0899,"quantity":3.9,"timestamp":1772552664533},{"is_buyer_maker":true,"price":0.08989,"quantity":6.33,"timestamp":1772552664533},{"is_buyer_maker":true,"price":0.0899,"quantity":3.9,"timestamp":1772552664533},{"is_buyer_maker":true,"price":0.08989,"quantity":6.33,"timestamp":1772552664533},{"is_buyer_maker":true,"price":0.0899,"quantity":3.9,"timestamp":1772552664533},{"is_buyer_maker":true,"price":0.08989,"quantity":6.33,"timestamp":1772552664533},{"is_buyer_maker":true,"price":0.0899,"quantity":3.9,"timestamp":1772552664533},{"is_buyer_maker":true,"price":0.08989,"quantity":6.33,"timestamp":1772552664533},{"is_buyer_maker":true,"price":0.0899,"quantity":3.9,"timestamp":1772552664533},{"is_buyer_maker":true,"price":0.08989,"quantity":6.33,"timestamp":1772552664533},{"is_buyer_maker":true,"price":0.0899,"quantity":3.9,"timestamp":1772552664533},{"is_buyer_maker":true,"price":0.08989,"quantity":6.33,"timestamp":1772552664533},{"is_buyer_maker":true,"price":0.0899,"quantity":3.9,"timestamp":1772552664533},{"is_buyer_maker":true,"price":0.08989,"quantity":6.33,"timestamp":1772552664533},{"is_buyer_maker":true,"price":0.0899,"quantity":3.9,"timestamp":1772552664533},{"is_buyer_maker":true,"price":0.08989,"quantity":6.33,"timestamp":1772552664533},{"is_buyer_maker":true,"price":0.0899,"quantity":3.9,"timestamp":1772552664533},{"is_buyer_maker":true,"price":0.08989,"quantity":6.33,"timestamp":1772552664533},{"is_buyer_maker":true,"price":0.0899,"quantity":3.9,"timestamp":1772552664533},{"is_buyer_maker":true,"price":0.08989,"quantity":6.33,"timestamp":1772552664533},{"is_buyer_maker":true,"price":0.0899,"quantity":3.9,"timestamp":1772552664533},{"is_buyer_maker":true,"price":0.08989,"quantity":6.33,"timestamp":1772552664533},{"is_buyer_maker":true,"price":0.0899,"quantity":3.9,"timestamp":1772552664533},{"is_buyer_maker":true,"price":0.08989,"quantity":6.33,"timestamp":1772552664533},{"is_buyer_maker":true,"price":0.0899,"quantity":3.9,"timestamp":1772552664533},{"is_buyer_maker":true,"price":0.08989,"quantity":6.33,"timestamp":1772552664533},{"is_buyer_maker":true,"price":0.0899,"quantity":3.9,"timestamp":1772552664533},{"is_buyer_maker":true,"price":0.08989,"quantity":6.33,"timestamp":1772552664533},{"is_buyer_maker":false,"price":0.0899,"quantity":0.1,"timestamp":1772552665517},{"is_buyer_maker":false,"price":0.0899,"quantity":0.3,"timestamp":1772552665761},{"is_buyer_maker":false,"price":0.0899,"quantity":1.72,"timestamp":1772552666066},{"is_buyer_maker":false,"price":0.0899,"quantity":1.85,"timestamp":1772552666067},{"is_buyer_maker":false,"price":0.08991,"quantity":0.07,"timestamp":1772552666146},{"is_buyer_maker":true,"price":0.0899,"quantity":3.46,"timestamp":1772552666231},{"is_buyer_maker":true,"price":0.0899,"quantity":0.02,"timestamp":1772552667161},{"is_buyer_maker":false,"price":0.08991,"quantity":0.01,"timestamp":1772552667168},{"is_buyer_maker":false,"price":0.08991,"quantity":11.9,"timestamp":1772552667208},{"is_buyer_maker":false,"price":0.08992,"quantity":0.32,"timestamp":1772552667265},{"is_buyer_maker":false,"price":0.08993,"quantity":1.11,"timestamp":1772552667267},{"is_buyer_maker":false,"price":0.08993,"quantity":5.56,"timestamp":1772552667446},{"is_buyer_maker":true,"price":0.08992,"quantity":15.07,"timestamp":1772552668776},{"is_buyer_maker":true,"price":0.08991,"quantity":0.12,"timestamp":1772552668783},{"is_buyer_maker":true,"price":0.0899,"quantity":0.07,"timestamp":1772552668819},{"is_buyer_maker":false,"price":0.08991,"quantity":12.0,"timestamp":1772552669222},{"is_buyer_maker":true,"price":0.0899,"quantity":13.6,"timestamp":1772552669490},{"is_buyer_maker":true,"price":0.0899,"quantity":0.33,"timestamp":1772552669495},{"is_buyer_maker":false,"price":0.0899,"quantity":9.14,"timestamp":1772552669816},{"is_buyer_maker":false,"price":0.0899,"quantity":0.01,"timestamp":1772552670182},{"is_buyer_maker":false,"price":0.0899,"quantity":9.38,"timestamp":1772552670536},{"is_buyer_maker":false,"price":0.0899,"quantity":1.37,"timestamp":1772552670536},{"is_buyer_maker":false,"price":0.0899,"quantity":9.38,"timestamp":1772552670536},{"is_buyer_maker":false,"price":0.0899,"quantity":1.37,"timestamp":1772552670536},{"is_buyer_maker":false,"price":0.0899,"quantity":9.38,"timestamp":1772552670536},{"is_buyer_maker":false,"price":0.0899,"quantity":1.37,"timestamp":1772552670536},{"is_buyer_maker":false,"price":0.0899,"quantity":9.38,"timestamp":1772552670536},{"is_buyer_maker":false,"price":0.0899,"quantity":1.37,"timestamp":1772552670536},{"is_buyer_maker":false,"price":0.0899,"quantity":9.38,"timestamp":1772552670536},{"is_buyer_maker":false,"price":0.0899,"quantity":1.37,"timestamp":1772552670536},{"is_buyer_maker":false,"price":0.0899,"quantity":9.38,"timestamp":1772552670536},{"is_buyer_maker":false,"price":0.0899,"quantity":1.37,"timestamp":1772552670536},{"is_buyer_maker":false,"price":0.0899,"quantity":9.38,"timestamp":1772552670536},{"is_buyer_maker":false,"price":0.0899,"quantity":1.37,"timestamp":1772552670536},{"is_buyer_maker":false,"price":0.0899,"quantity":9.38,"timestamp":1772552670536},{"is_buyer_maker":false,"price":0.0899,"quantity":1.37,"timestamp":1772552670536},{"is_buyer_maker":false,"price":0.0899,"quantity":9.38,"timestamp":1772552670536},{"is_buyer_maker":false,"price":0.0899,"quantity":1.37,"timestamp":1772552670536},{"is_buyer_maker":false,"price":0.0899,"quantity":9.38,"timestamp":1772552670536},{"is_buyer_maker":false,"price":0.0899,"quantity":1.37,"timestamp":1772552670536},{"is_buyer_maker":false,"price":0.0899,"quantity":9.38,"timestamp":1772552670536},{"is_buyer_maker":false,"price":0.0899,"quantity":1.37,"timestamp":1772552670536},{"is_buyer_maker":false,"price":0.0899,"quantity":9.38,"timestamp":1772552670536},{"is_buyer_maker":false,"price":0.0899,"quantity":1.37,"timestamp":1772552670536},{"is_buyer_maker":false,"price":0.0899,"quantity":9.38,"timestamp":1772552670536},{"is_buyer_maker":false,"price":0.0899,"quantity":1.37,"timestamp":1772552670536},{"is_buyer_maker":false,"price":0.0899,"quantity":9.38,"timestamp":1772552670536},{"is_buyer_maker":false,"price":0.0899,"quantity":1.37,"timestamp":1772552670536},{"is_buyer_maker":false,"price":0.0899,"quantity":9.38,"timestamp":1772552670536},{"is_buyer_maker":false,"price":0.0899,"quantity":1.37,"timestamp":1772552670536},{"is_buyer_maker":false,"price":0.0899,"quantity":9.38,"timestamp":1772552670536},{"is_buyer_maker":false,"price":0.0899,"quantity":1.37,"timestamp":1772552670536},{"is_buyer_maker":false,"price":0.0899,"quantity":9.38,"timestamp":1772552670536},{"is_buyer_maker":false,"price":0.0899,"quantity":1.37,"timestamp":1772552670536},{"is_buyer_maker":false,"price":0.0899,"quantity":9.38,"timestamp":1772552670536},{"is_buyer_maker":false,"price":0.0899,"quantity":1.37,"timestamp":1772552670536},{"is_buyer_maker":true,"price":0.0899,"quantity":120.56,"timestamp":1772552670909},{"is_buyer_maker":true,"price":0.0899,"quantity":1.34,"timestamp":1772552670963},{"is_buyer_maker":false,"price":0.0899,"quantity":117.49,"timestamp":1772552671071},{"is_buyer_maker":false,"price":0.0899,"quantity":5.89,"timestamp":1772552671080},{"is_buyer_maker":true,"price":0.08989,"quantity":0.01,"timestamp":1772552671469},{"is_buyer_maker":false,"price":0.0899,"quantity":0.01,"timestamp":1772552671775},{"is_buyer_maker":false,"price":0.0899,"quantity":0.11,"timestamp":1772552672347},{"is_buyer_maker":true,"price":0.08989,"quantity":0.06,"timestamp":1772552672984},{"is_buyer_maker":true,"price":0.08989,"quantity":0.02,"timestamp":1772552673381},{"is_buyer_maker":false,"price":0.0899,"quantity":5.07,"timestamp":1772552673415},{"is_buyer_maker":false,"price":0.08991,"quantity":44.93,"timestamp":1772552673415},{"is_buyer_maker":false,"price":0.0899,"quantity":5.07,"timestamp":1772552673415},{"is_buyer_maker":false,"price":0.08991,"quantity":44.93,"timestamp":1772552673415},{"is_buyer_maker":false,"price":0.0899,"quantity":5.07,"timestamp":1772552673415},{"is_buyer_maker":false,"price":0.08991,"quantity":44.93,"timestamp":1772552673415},{"is_buyer_maker":false,"price":0.0899,"quantity":5.07,"timestamp":1772552673415},{"is_buyer_maker":false,"price":0.08991,"quantity":44.93,"timestamp":1772552673415},{"is_buyer_maker":false,"price":0.0899,"quantity":5.07,"timestamp":1772552673415},{"is_buyer_maker":false,"price":0.08991,"quantity":44.93,"timestamp":1772552673415},{"is_buyer_maker":false,"price":0.0899,"quantity":5.07,"timestamp":1772552673415},{"is_buyer_maker":false,"price":0.08991,"quantity":44.93,"timestamp":1772552673415},{"is_buyer_maker":false,"price":0.0899,"quantity":5.07,"timestamp":1772552673415},{"is_buyer_maker":false,"price":0.08991,"quantity":44.93,"timestamp":1772552673415},{"is_buyer_maker":false,"price":0.0899,"quantity":5.07,"timestamp":1772552673415},{"is_buyer_maker":false,"price":0.08991,"quantity":44.93,"timestamp":1772552673415},{"is_buyer_maker":false,"price":0.0899,"quantity":5.07,"timestamp":1772552673415},{"is_buyer_maker":false,"price":0.08991,"quantity":44.93,"timestamp":1772552673415},{"is_buyer_maker":false,"price":0.0899,"quantity":5.07,"timestamp":1772552673415},{"is_buyer_maker":false,"price":0.08991,"quantity":44.93,"timestamp":1772552673415},{"is_buyer_maker":false,"price":0.0899,"quantity":5.07,"timestamp":1772552673415},{"is_buyer_maker":false,"price":0.08991,"quantity":44.93,"timestamp":1772552673415},{"is_buyer_maker":false,"price":0.0899,"quantity":5.07,"timestamp":1772552673415},{"is_buyer_maker":false,"price":0.08991,"quantity":44.93,"timestamp":1772552673415},{"is_buyer_maker":false,"price":0.0899,"quantity":5.07,"timestamp":1772552673415},{"is_buyer_maker":false,"price":0.08991,"quantity":44.93,"timestamp":1772552673415},{"is_buyer_maker":false,"price":0.0899,"quantity":5.07,"timestamp":1772552673415},{"is_buyer_maker":false,"price":0.08991,"quantity":44.93,"timestamp":1772552673415},{"is_buyer_maker":false,"price":0.0899,"quantity":5.07,"timestamp":1772552673415},{"is_buyer_maker":false,"price":0.08991,"quantity":44.93,"timestamp":1772552673415},{"is_buyer_maker":false,"price":0.0899,"quantity":5.07,"timestamp":1772552673415},{"is_buyer_maker":false,"price":0.08991,"quantity":44.93,"timestamp":1772552673415},{"is_buyer_maker":false,"price":0.0899,"quantity":5.07,"timestamp":1772552673415},{"is_buyer_maker":false,"price":0.08991,"quantity":44.93,"timestamp":1772552673415},{"is_buyer_maker":false,"price":0.0899,"quantity":5.07,"timestamp":1772552673415},{"is_buyer_maker":false,"price":0.08991,"quantity":44.93,"timestamp":1772552673415},{"is_buyer_maker":true,"price":0.0899,"quantity":5.59,"timestamp":1772552673501},{"is_buyer_maker":false,"price":0.08991,"quantity":2.31,"timestamp":1772552673785},{"is_buyer_maker":false,"price":0.08991,"quantity":173.5,"timestamp":1772552673790},{"is_buyer_maker":false,"price":0.08992,"quantity":105.64,"timestamp":1772552673790},{"is_buyer_maker":false,"price":0.08991,"quantity":173.5,"timestamp":1772552673790},{"is_buyer_maker":false,"price":0.08992,"quantity":105.64,"timestamp":1772552673790},{"is_buyer_maker":false,"price":0.08991,"quantity":173.5,"timestamp":1772552673790},{"is_buyer_maker":false,"price":0.08992,"quantity":105.64,"timestamp":1772552673790},{"is_buyer_maker":false,"price":0.08991,"quantity":173.5,"timestamp":1772552673790},{"is_buyer_maker":false,"price":0.08992,"quantity":105.64,"timestamp":1772552673790},{"is_buyer_maker":false,"price":0.08991,"quantity":173.5,"timestamp":1772552673790},{"is_buyer_maker":false,"price":0.08992,"quantity":105.64,"timestamp":1772552673790},{"is_buyer_maker":false,"price":0.08991,"quantity":173.5,"timestamp":1772552673790},{"is_buyer_maker":false,"price":0.08992,"quantity":105.64,"timestamp":1772552673790},{"is_buyer_maker":false,"price":0.08991,"quantity":173.5,"timestamp":1772552673790},{"is_buyer_maker":false,"price":0.08992,"quantity":105.64,"timestamp":1772552673790},{"is_buyer_maker":false,"price":0.08991,"quantity":173.5,"timestamp":1772552673790},{"is_buyer_maker":false,"price":0.08992,"quantity":105.64,"timestamp":1772552673790},{"is_buyer_maker":false,"price":0.08991,"quantity":173.5,"timestamp":1772552673790},{"is_buyer_maker":false,"price":0.08992,"quantity":105.64,"timestamp":1772552673790},{"is_buyer_maker":false,"price":0.08991,"quantity":173.5,"timestamp":1772552673790},{"is_buyer_maker":false,"price":0.08992,"quantity":105.64,"timestamp":1772552673790},{"is_buyer_maker":false,"price":0.08991,"quantity":173.5,"timestamp":1772552673790},{"is_buyer_maker":false,"price":0.08992,"quantity":105.64,"timestamp":1772552673790},{"is_buyer_maker":false,"price":0.08991,"quantity":173.5,"timestamp":1772552673790},{"is_buyer_maker":false,"price":0.08992,"quantity":105.64,"timestamp":1772552673790},{"is_buyer_maker":false,"price":0.08991,"quantity":173.5,"timestamp":1772552673790},{"is_buyer_maker":false,"price":0.08992,"quantity":105.64,"timestamp":1772552673790},{"is_buyer_maker":false,"price":0.08991,"quantity":173.5,"timestamp":1772552673790},{"is_buyer_maker":false,"price":0.08992,"quantity":105.64,"timestamp":1772552673790},{"is_buyer_maker":false,"price":0.08991,"quantity":173.5,"timestamp":1772552673790},{"is_buyer_maker":false,"price":0.08992,"quantity":105.64,"timestamp":1772552673790},{"is_buyer_maker":false,"price":0.08991,"quantity":173.5,"timestamp":1772552673790},{"is_buyer_maker":false,"price":0.08992,"quantity":105.64,"timestamp":1772552673790},{"is_buyer_maker":false,"price":0.08991,"quantity":173.5,"timestamp":1772552673790},{"is_buyer_maker":false,"price":0.08992,"quantity":105.64,"timestamp":1772552673790},{"is_buyer_maker":false,"price":0.08991,"quantity":173.5,"timestamp":1772552673790},{"is_buyer_maker":false,"price":0.08992,"quantity":105.64,"timestamp":1772552673790},{"is_buyer_maker":false,"price":0.08992,"quantity":4.01,"timestamp":1772552674146},{"is_buyer_maker":false,"price":0.08993,"quantity":0.38,"timestamp":1772552674150},{"is_buyer_maker":false,"price":0.08994,"quantity":4.01,"timestamp":1772552674195},{"is_buyer_maker":true,"price":0.08993,"quantity":5.77,"timestamp":1772552674203},{"is_buyer_maker":false,"price":0.08994,"quantity":1.11,"timestamp":1772552674215},{"is_buyer_maker":false,"price":0.08994,"quantity":1.0,"timestamp":1772552674778},{"is_buyer_maker":true,"price":0.08993,"quantity":1.26,"timestamp":1772552674830},{"is_buyer_maker":true,"price":0.08993,"quantity":12.22,"timestamp":1772552675082},{"is_buyer_maker":false,"price":0.08993,"quantity":3.53,"timestamp":1772552675119},{"is_buyer_maker":false,"price":0.08993,"quantity":0.01,"timestamp":1772552676298},{"is_buyer_maker":false,"price":0.08993,"quantity":8.03,"timestamp":1772552676300},{"is_buyer_maker":true,"price":0.08993,"quantity":0.01,"timestamp":1772552676361},{"is_buyer_maker":false,"price":0.08994,"quantity":2.0,"timestamp":1772552677168},{"is_buyer_maker":false,"price":0.08994,"quantity":0.1,"timestamp":1772552677605},{"is_buyer_maker":true,"price":0.08993,"quantity":5.86,"timestamp":1772552677709},{"is_buyer_maker":false,"price":0.08994,"quantity":20.69,"timestamp":1772552678416},{"is_buyer_maker":false,"price":0.08994,"quantity":1.11,"timestamp":1772552678526},{"is_buyer_maker":true,"price":0.08993,"quantity":0.01,"timestamp":1772552678870},{"is_buyer_maker":true,"price":0.08993,"quantity":0.07,"timestamp":1772552679076},{"is_buyer_maker":false,"price":0.08994,"quantity":615.62,"timestamp":1772552679242},{"is_buyer_maker":false,"price":0.08995,"quantity":1.32,"timestamp":1772552679242},{"is_buyer_maker":false,"price":0.08994,"quantity":615.62,"timestamp":1772552679242},{"is_buyer_maker":false,"price":0.08995,"quantity":1.32,"timestamp":1772552679242},{"is_buyer_maker":false,"price":0.08994,"quantity":615.62,"timestamp":1772552679242},{"is_buyer_maker":false,"price":0.08995,"quantity":1.32,"timestamp":1772552679242},{"is_buyer_maker":false,"price":0.08994,"quantity":615.62,"timestamp":1772552679242},{"is_buyer_maker":false,"price":0.08995,"quantity":1.32,"timestamp":1772552679242},{"is_buyer_maker":false,"price":0.08994,"quantity":615.62,"timestamp":1772552679242},{"is_buyer_maker":false,"price":0.08995,"quantity":1.32,"timestamp":1772552679242},{"is_buyer_maker":false,"price":0.08994,"quantity":615.62,"timestamp":1772552679242},{"is_buyer_maker":false,"price":0.08995,"quantity":1.32,"timestamp":1772552679242},{"is_buyer_maker":false,"price":0.08994,"quantity":615.62,"timestamp":1772552679242},{"is_buyer_maker":false,"price":0.08995,"quantity":1.32,"timestamp":1772552679242},{"is_buyer_maker":false,"price":0.08994,"quantity":615.62,"timestamp":1772552679242},{"is_buyer_maker":false,"price":0.08995,"quantity":1.32,"timestamp":1772552679242},{"is_buyer_maker":false,"price":0.08994,"quantity":615.62,"timestamp":1772552679242},{"is_buyer_maker":false,"price":0.08995,"quantity":1.32,"timestamp":1772552679242},{"is_buyer_maker":false,"price":0.08994,"quantity":615.62,"timestamp":1772552679242},{"is_buyer_maker":false,"price":0.08995,"quantity":1.32,"timestamp":1772552679242},{"is_buyer_maker":false,"price":0.08994,"quantity":615.62,"timestamp":1772552679242},{"is_buyer_maker":false,"price":0.08995,"quantity":1.32,"timestamp":1772552679242},{"is_buyer_maker":false,"price":0.08994,"quantity":615.62,"timestamp":1772552679242},{"is_buyer_maker":false,"price":0.08995,"quantity":1.32,"timestamp":1772552679242},{"is_buyer_maker":false,"price":0.08994,"quantity":615.62,"timestamp":1772552679242},{"is_buyer_maker":false,"price":0.08995,"quantity":1.32,"timestamp":1772552679242},{"is_buyer_maker":false,"price":0.08994,"quantity":615.62,"timestamp":1772552679242},{"is_buyer_maker":false,"price":0.08995,"quantity":1.32,"timestamp":1772552679242},{"is_buyer_maker":false,"price":0.08994,"quantity":615.62,"timestamp":1772552679242},{"is_buyer_maker":false,"price":0.08995,"quantity":1.32,"timestamp":1772552679242},{"is_buyer_maker":false,"price":0.08994,"quantity":615.62,"timestamp":1772552679242},{"is_buyer_maker":false,"price":0.08995,"quantity":1.32,"timestamp":1772552679242},{"is_buyer_maker":false,"price":0.08994,"quantity":615.62,"timestamp":1772552679242},{"is_buyer_maker":false,"price":0.08995,"quantity":1.32,"timestamp":1772552679242},{"is_buyer_maker":false,"price":0.08994,"quantity":615.62,"timestamp":1772552679242},{"is_buyer_maker":false,"price":0.08995,"quantity":1.32,"timestamp":1772552679242},{"is_buyer_maker":false,"price":0.08994,"quantity":11.12,"timestamp":1772552680478},{"is_buyer_maker":true,"price":0.08993,"quantity":94.69,"timestamp":1772552680552},{"is_buyer_maker":false,"price":0.08994,"quantity":10.07,"timestamp":1772552680782},{"is_buyer_maker":false,"price":0.08994,"quantity":0.01,"timestamp":1772552681383},{"is_buyer_maker":false,"price":0.08994,"quantity":88.84,"timestamp":1772552681518},{"is_buyer_maker":false,"price":0.08994,"quantity":400.0,"timestamp":1772552681925},{"is_buyer_maker":false,"price":0.08994,"quantity":120.54,"timestamp":1772552682013},{"is_buyer_maker":false,"price":0.08994,"quantity":0.12,"timestamp":1772552682015},{"is_buyer_maker":false,"price":0.08995,"quantity":6.08,"timestamp":1772552682015},{"is_buyer_maker":false,"price":0.08994,"quantity":0.12,"timestamp":1772552682015},{"is_buyer_maker":false,"price":0.08995,"quantity":6.08,"timestamp":1772552682015},{"is_buyer_maker":false,"price":0.08994,"quantity":0.12,"timestamp":1772552682015},{"is_buyer_maker":false,"price":0.08995,"quantity":6.08,"timestamp":1772552682015},{"is_buyer_maker":false,"price":0.08994,"quantity":0.12,"timestamp":1772552682015},{"is_buyer_maker":false,"price":0.08995,"quantity":6.08,"timestamp":1772552682015},{"is_buyer_maker":false,"price":0.08994,"quantity":0.12,"timestamp":1772552682015},{"is_buyer_maker":false,"price":0.08995,"quantity":6.08,"timestamp":1772552682015},{"is_buyer_maker":false,"price":0.08994,"quantity":0.12,"timestamp":1772552682015},{"is_buyer_maker":false,"price":0.08995,"quantity":6.08,"timestamp":1772552682015},{"is_buyer_maker":false,"price":0.08994,"quantity":0.12,"timestamp":1772552682015},{"is_buyer_maker":false,"price":0.08995,"quantity":6.08,"timestamp":1772552682015},{"is_buyer_maker":false,"price":0.08994,"quantity":0.12,"timestamp":1772552682015},{"is_buyer_maker":false,"price":0.08995,"quantity":6.08,"timestamp":1772552682015},{"is_buyer_maker":false,"price":0.08994,"quantity":0.12,"timestamp":1772552682015},{"is_buyer_maker":false,"price":0.08995,"quantity":6.08,"timestamp":1772552682015},{"is_buyer_maker":false,"price":0.08994,"quantity":0.12,"timestamp":1772552682015},{"is_buyer_maker":false,"price":0.08995,"quantity":6.08,"timestamp":1772552682015},{"is_buyer_maker":false,"price":0.08994,"quantity":0.12,"timestamp":1772552682015},{"is_buyer_maker":false,"price":0.08995,"quantity":6.08,"timestamp":1772552682015},{"is_buyer_maker":false,"price":0.08994,"quantity":0.12,"timestamp":1772552682015},{"is_buyer_maker":false,"price":0.08995,"quantity":6.08,"timestamp":1772552682015},{"is_buyer_maker":false,"price":0.08994,"quantity":0.12,"timestamp":1772552682015},{"is_buyer_maker":false,"price":0.08995,"quantity":6.08,"timestamp":1772552682015},{"is_buyer_maker":false,"price":0.08994,"quantity":0.12,"timestamp":1772552682015},{"is_buyer_maker":false,"price":0.08995,"quantity":6.08,"timestamp":1772552682015},{"is_buyer_maker":false,"price":0.08994,"quantity":0.12,"timestamp":1772552682015},{"is_buyer_maker":false,"price":0.08995,"quantity":6.08,"timestamp":1772552682015},{"is_buyer_maker":false,"price":0.08994,"quantity":0.12,"timestamp":1772552682015},{"is_buyer_maker":false,"price":0.08995,"quantity":6.08,"timestamp":1772552682015},{"is_buyer_maker":false,"price":0.08994,"quantity":0.12,"timestamp":1772552682015},{"is_buyer_maker":false,"price":0.08995,"quantity":6.08,"timestamp":1772552682015},{"is_buyer_maker":false,"price":0.08994,"quantity":0.12,"timestamp":1772552682015},{"is_buyer_maker":false,"price":0.08995,"quantity":6.08,"timestamp":1772552682015},{"is_buyer_maker":true,"price":0.08995,"quantity":5.42,"timestamp":1772552683375},{"is_buyer_maker":true,"price":0.08994,"quantity":4.36,"timestamp":1772552683678},{"is_buyer_maker":true,"price":0.08993,"quantity":5.17,"timestamp":1772552683830},{"is_buyer_maker":false,"price":0.08993,"quantity":47.76,"timestamp":1772552683915},{"is_buyer_maker":false,"price":0.08993,"quantity":0.01,"timestamp":1772552684314},{"is_buyer_maker":false,"price":0.08993,"quantity":2.7,"timestamp":1772552684937},{"is_buyer_maker":true,"price":0.08992,"quantity":1.0,"timestamp":1772552685297},{"is_buyer_maker":false,"price":0.08993,"quantity":1.11,"timestamp":1772552685336},{"is_buyer_maker":false,"price":0.08993,"quantity":0.2,"timestamp":1772552686005},{"is_buyer_maker":false,"price":0.08993,"quantity":10.0,"timestamp":1772552686285},{"is_buyer_maker":true,"price":0.08992,"quantity":1.63,"timestamp":1772552686508},{"is_buyer_maker":true,"price":0.08992,"quantity":83.7,"timestamp":1772552687084},{"is_buyer_maker":true,"price":0.08992,"quantity":23.0,"timestamp":1772552687084},{"is_buyer_maker":true,"price":0.08992,"quantity":83.7,"timestamp":1772552687084},{"is_buyer_maker":true,"price":0.08992,"quantity":23.0,"timestamp":1772552687084},{"is_buyer_maker":true,"price":0.08992,"quantity":83.7,"timestamp":1772552687084},{"is_buyer_maker":true,"price":0.08992,"quantity":23.0,"timestamp":1772552687084},{"is_buyer_maker":true,"price":0.08992,"quantity":83.7,"timestamp":1772552687084},{"is_buyer_maker":true,"price":0.08992,"quantity":23.0,"timestamp":1772552687084},{"is_buyer_maker":true,"price":0.08992,"quantity":83.7,"timestamp":1772552687084},{"is_buyer_maker":true,"price":0.08992,"quantity":23.0,"timestamp":1772552687084},{"is_buyer_maker":true,"price":0.08992,"quantity":83.7,"timestamp":1772552687084},{"is_buyer_maker":true,"price":0.08992,"quantity":23.0,"timestamp":1772552687084},{"is_buyer_maker":true,"price":0.08992,"quantity":83.7,"timestamp":1772552687084},{"is_buyer_maker":true,"price":0.08992,"quantity":23.0,"timestamp":1772552687084},{"is_buyer_maker":true,"price":0.08992,"quantity":83.7,"timestamp":1772552687084},{"is_buyer_maker":true,"price":0.08992,"quantity":23.0,"timestamp":1772552687084},{"is_buyer_maker":true,"price":0.08992,"quantity":83.7,"timestamp":1772552687084},{"is_buyer_maker":true,"price":0.08992,"quantity":23.0,"timestamp":1772552687084},{"is_buyer_maker":true,"price":0.08992,"quantity":83.7,"timestamp":1772552687084},{"is_buyer_maker":true,"price":0.08992,"quantity":23.0,"timestamp":1772552687084},{"is_buyer_maker":true,"price":0.08992,"quantity":83.7,"timestamp":1772552687084},{"is_buyer_maker":true,"price":0.08992,"quantity":23.0,"timestamp":1772552687084},{"is_buyer_maker":true,"price":0.08992,"quantity":83.7,"timestamp":1772552687084},{"is_buyer_maker":true,"price":0.08992,"quantity":23.0,"timestamp":1772552687084},{"is_buyer_maker":true,"price":0.08992,"quantity":83.7,"timestamp":1772552687084},{"is_buyer_maker":true,"price":0.08992,"quantity":23.0,"timestamp":1772552687084},{"is_buyer_maker":true,"price":0.08992,"quantity":83.7,"timestamp":1772552687084},{"is_buyer_maker":true,"price":0.08992,"quantity":23.0,"timestamp":1772552687084},{"is_buyer_maker":true,"price":0.08992,"quantity":83.7,"timestamp":1772552687084},{"is_buyer_maker":true,"price":0.08992,"quantity":23.0,"timestamp":1772552687084},{"is_buyer_maker":true,"price":0.08992,"quantity":83.7,"timestamp":1772552687084},{"is_buyer_maker":true,"price":0.08992,"quantity":23.0,"timestamp":1772552687084},{"is_buyer_maker":true,"price":0.08992,"quantity":83.7,"timestamp":1772552687084},{"is_buyer_maker":true,"price":0.08992,"quantity":23.0,"timestamp":1772552687084},{"is_buyer_maker":true,"price":0.08992,"quantity":83.7,"timestamp":1772552687084},{"is_buyer_maker":true,"price":0.08992,"quantity":23.0,"timestamp":1772552687084},{"is_buyer_maker":true,"price":0.08991,"quantity":0.18,"timestamp":1772552687095},{"is_buyer_maker":true,"price":0.08991,"quantity":0.19,"timestamp":1772552687095},{"is_buyer_maker":true,"price":0.08991,"quantity":0.18,"timestamp":1772552687095},{"is_buyer_maker":true,"price":0.08991,"quantity":0.19,"timestamp":1772552687095},{"is_buyer_maker":true,"price":0.08991,"quantity":0.18,"timestamp":1772552687095},{"is_buyer_maker":true,"price":0.08991,"quantity":0.19,"timestamp":1772552687095},{"is_buyer_maker":true,"price":0.08991,"quantity":0.18,"timestamp":1772552687095},{"is_buyer_maker":true,"price":0.08991,"quantity":0.19,"timestamp":1772552687095},{"is_buyer_maker":true,"price":0.08991,"quantity":0.18,"timestamp":1772552687095},{"is_buyer_maker":true,"price":0.08991,"quantity":0.19,"timestamp":1772552687095},{"is_buyer_maker":true,"price":0.08991,"quantity":0.18,"timestamp":1772552687095},{"is_buyer_maker":true,"price":0.08991,"quantity":0.19,"timestamp":1772552687095},{"is_buyer_maker":true,"price":0.08991,"quantity":0.18,"timestamp":1772552687095},{"is_buyer_maker":true,"price":0.08991,"quantity":0.19,"timestamp":1772552687095},{"is_buyer_maker":true,"price":0.08991,"quantity":0.18,"timestamp":1772552687095},{"is_buyer_maker":true,"price":0.08991,"quantity":0.19,"timestamp":1772552687095},{"is_buyer_maker":true,"price":0.08991,"quantity":0.18,"timestamp":1772552687095},{"is_buyer_maker":true,"price":0.08991,"quantity":0.19,"timestamp":1772552687095},{"is_buyer_maker":true,"price":0.08991,"quantity":0.18,"timestamp":1772552687095},{"is_buyer_maker":true,"price":0.08991,"quantity":0.19,"timestamp":1772552687095},{"is_buyer_maker":true,"price":0.08991,"quantity":0.18,"timestamp":1772552687095},{"is_buyer_maker":true,"price":0.08991,"quantity":0.19,"timestamp":1772552687095},{"is_buyer_maker":true,"price":0.08991,"quantity":0.18,"timestamp":1772552687095},{"is_buyer_maker":true,"price":0.08991,"quantity":0.19,"timestamp":1772552687095},{"is_buyer_maker":true,"price":0.08991,"quantity":0.18,"timestamp":1772552687095},{"is_buyer_maker":true,"price":0.08991,"quantity":0.19,"timestamp":1772552687095},{"is_buyer_maker":true,"price":0.08991,"quantity":0.18,"timestamp":1772552687095},{"is_buyer_maker":true,"price":0.08991,"quantity":0.19,"timestamp":1772552687095},{"is_buyer_maker":true,"price":0.08991,"quantity":0.18,"timestamp":1772552687095},{"is_buyer_maker":true,"price":0.08991,"quantity":0.19,"timestamp":1772552687095},{"is_buyer_maker":true,"price":0.08991,"quantity":0.18,"timestamp":1772552687095},{"is_buyer_maker":true,"price":0.08991,"quantity":0.19,"timestamp":1772552687095},{"is_buyer_maker":true,"price":0.08991,"quantity":0.18,"timestamp":1772552687095},{"is_buyer_maker":true,"price":0.08991,"quantity":0.19,"timestamp":1772552687095},{"is_buyer_maker":true,"price":0.08991,"quantity":0.18,"timestamp":1772552687095},{"is_buyer_maker":true,"price":0.08991,"quantity":0.19,"timestamp":1772552687095},{"is_buyer_maker":false,"price":0.08991,"quantity":2.0,"timestamp":1772552687189},{"is_buyer_maker":false,"price":0.08991,"quantity":10.0,"timestamp":1772552687469},{"is_buyer_maker":true,"price":0.0899,"quantity":0.25,"timestamp":1772552688172},{"is_buyer_maker":true,"price":0.0899,"quantity":44.62,"timestamp":1772552688197},{"is_buyer_maker":true,"price":0.0899,"quantity":0.1,"timestamp":1772552688229},{"is_buyer_maker":false,"price":0.0899,"quantity":18.84,"timestamp":1772552688720},{"is_buyer_maker":false,"price":0.0899,"quantity":10.0,"timestamp":1772552688753},{"is_buyer_maker":false,"price":0.0899,"quantity":0.01,"timestamp":1772552688930},{"is_buyer_maker":false,"price":0.0899,"quantity":5.13,"timestamp":1772552688976},{"is_buyer_maker":true,"price":0.0899,"quantity":0.01,"timestamp":1772552689055},{"is_buyer_maker":true,"price":0.0899,"quantity":0.1,"timestamp":1772552689081},{"is_buyer_maker":false,"price":0.08991,"quantity":6.22,"timestamp":1772552689083},{"is_buyer_maker":false,"price":0.08992,"quantity":4.19,"timestamp":1772552689083},{"is_buyer_maker":false,"price":0.08991,"quantity":6.22,"timestamp":1772552689083},{"is_buyer_maker":false,"price":0.08992,"quantity":4.19,"timestamp":1772552689083},{"is_buyer_maker":false,"price":0.08991,"quantity":6.22,"timestamp":1772552689083},{"is_buyer_maker":false,"price":0.08992,"quantity":4.19,"timestamp":1772552689083},{"is_buyer_maker":false,"price":0.08991,"quantity":6.22,"timestamp":1772552689083},{"is_buyer_maker":false,"price":0.08992,"quantity":4.19,"timestamp":1772552689083},{"is_buyer_maker":false,"price":0.08991,"quantity":6.22,"timestamp":1772552689083},{"is_buyer_maker":false,"price":0.08992,"quantity":4.19,"timestamp":1772552689083},{"is_buyer_maker":false,"price":0.08991,"quantity":6.22,"timestamp":1772552689083},{"is_buyer_maker":false,"price":0.08992,"quantity":4.19,"timestamp":1772552689083},{"is_buyer_maker":false,"price":0.08991,"quantity":6.22,"timestamp":1772552689083},{"is_buyer_maker":false,"price":0.08992,"quantity":4.19,"timestamp":1772552689083},{"is_buyer_maker":false,"price":0.08991,"quantity":6.22,"timestamp":1772552689083},{"is_buyer_maker":false,"price":0.08992,"quantity":4.19,"timestamp":1772552689083},{"is_buyer_maker":false,"price":0.08991,"quantity":6.22,"timestamp":1772552689083},{"is_buyer_maker":false,"price":0.08992,"quantity":4.19,"timestamp":1772552689083},{"is_buyer_maker":false,"price":0.08991,"quantity":6.22,"timestamp":1772552689083},{"is_buyer_maker":false,"price":0.08992,"quantity":4.19,"timestamp":1772552689083},{"is_buyer_maker":false,"price":0.08991,"quantity":6.22,"timestamp":1772552689083},{"is_buyer_maker":false,"price":0.08992,"quantity":4.19,"timestamp":1772552689083},{"is_buyer_maker":false,"price":0.08991,"quantity":6.22,"timestamp":1772552689083},{"is_buyer_maker":false,"price":0.08992,"quantity":4.19,"timestamp":1772552689083},{"is_buyer_maker":false,"price":0.08991,"quantity":6.22,"timestamp":1772552689083},{"is_buyer_maker":false,"price":0.08992,"quantity":4.19,"timestamp":1772552689083},{"is_buyer_maker":false,"price":0.08991,"quantity":6.22,"timestamp":1772552689083},{"is_buyer_maker":false,"price":0.08992,"quantity":4.19,"timestamp":1772552689083},{"is_buyer_maker":false,"price":0.08991,"quantity":6.22,"timestamp":1772552689083},{"is_buyer_maker":false,"price":0.08992,"quantity":4.19,"timestamp":1772552689083},{"is_buyer_maker":false,"price":0.08991,"quantity":6.22,"timestamp":1772552689083},{"is_buyer_maker":false,"price":0.08992,"quantity":4.19,"timestamp":1772552689083},{"is_buyer_maker":false,"price":0.08991,"quantity":6.22,"timestamp":1772552689083},{"is_buyer_maker":false,"price":0.08992,"quantity":4.19,"timestamp":1772552689083},{"is_buyer_maker":false,"price":0.08991,"quantity":6.22,"timestamp":1772552689083},{"is_buyer_maker":false,"price":0.08992,"quantity":4.19,"timestamp":1772552689083},{"is_buyer_maker":true,"price":0.08991,"quantity":4.5,"timestamp":1772552689404},{"is_buyer_maker":false,"price":0.08992,"quantity":1.0,"timestamp":1772552689960},{"is_buyer_maker":false,"price":0.08992,"quantity":22.62,"timestamp":1772552690016},{"is_buyer_maker":false,"price":0.08992,"quantity":0.36,"timestamp":1772552690387},{"is_buyer_maker":true,"price":0.08991,"quantity":0.33,"timestamp":1772552690449},{"is_buyer_maker":true,"price":0.08991,"quantity":8.04,"timestamp":1772552690485},{"is_buyer_maker":true,"price":0.08991,"quantity":3.98,"timestamp":1772552690834},{"is_buyer_maker":false,"price":0.08991,"quantity":3.72,"timestamp":1772552691141},{"is_buyer_maker":false,"price":0.08991,"quantity":0.75,"timestamp":1772552691280},{"is_buyer_maker":false,"price":0.08991,"quantity":0.6,"timestamp":1772552691280},{"is_buyer_maker":false,"price":0.08991,"quantity":0.75,"timestamp":1772552691280},{"is_buyer_maker":false,"price":0.08991,"quantity":0.6,"timestamp":1772552691280},{"is_buyer_maker":false,"price":0.08991,"quantity":0.75,"timestamp":1772552691280},{"is_buyer_maker":false,"price":0.08991,"quantity":0.6,"timestamp":1772552691280},{"is_buyer_maker":false,"price":0.08991,"quantity":0.75,"timestamp":1772552691280},{"is_buyer_maker":false,"price":0.08991,"quantity":0.6,"timestamp":1772552691280},{"is_buyer_maker":false,"price":0.08991,"quantity":0.75,"timestamp":1772552691280},{"is_buyer_maker":false,"price":0.08991,"quantity":0.6,"timestamp":1772552691280},{"is_buyer_maker":false,"price":0.08991,"quantity":0.75,"timestamp":1772552691280},{"is_buyer_maker":false,"price":0.08991,"quantity":0.6,"timestamp":1772552691280},{"is_buyer_maker":false,"price":0.08991,"quantity":0.75,"timestamp":1772552691280},{"is_buyer_maker":false,"price":0.08991,"quantity":0.6,"timestamp":1772552691280},{"is_buyer_maker":false,"price":0.08991,"quantity":0.75,"timestamp":1772552691280},{"is_buyer_maker":false,"price":0.08991,"quantity":0.6,"timestamp":1772552691280},{"is_buyer_maker":false,"price":0.08991,"quantity":0.75,"timestamp":1772552691280},{"is_buyer_maker":false,"price":0.08991,"quantity":0.6,"timestamp":1772552691280},{"is_buyer_maker":false,"price":0.08991,"quantity":0.75,"timestamp":1772552691280},{"is_buyer_maker":false,"price":0.08991,"quantity":0.6,"timestamp":1772552691280},{"is_buyer_maker":false,"price":0.08991,"quantity":0.75,"timestamp":1772552691280},{"is_buyer_maker":false,"price":0.08991,"quantity":0.6,"timestamp":1772552691280},{"is_buyer_maker":false,"price":0.08991,"quantity":0.75,"timestamp":1772552691280},{"is_buyer_maker":false,"price":0.08991,"quantity":0.6,"timestamp":1772552691280},{"is_buyer_maker":false,"price":0.08991,"quantity":0.75,"timestamp":1772552691280},{"is_buyer_maker":false,"price":0.08991,"quantity":0.6,"timestamp":1772552691280},{"is_buyer_maker":false,"price":0.08991,"quantity":0.75,"timestamp":1772552691280},{"is_buyer_maker":false,"price":0.08991,"quantity":0.6,"timestamp":1772552691280},{"is_buyer_maker":false,"price":0.08991,"quantity":0.75,"timestamp":1772552691280},{"is_buyer_maker":false,"price":0.08991,"quantity":0.6,"timestamp":1772552691280},{"is_buyer_maker":false,"price":0.08991,"quantity":0.75,"timestamp":1772552691280},{"is_buyer_maker":false,"price":0.08991,"quantity":0.6,"timestamp":1772552691280},{"is_buyer_maker":false,"price":0.08991,"quantity":0.75,"timestamp":1772552691280},{"is_buyer_maker":false,"price":0.08991,"quantity":0.6,"timestamp":1772552691280},{"is_buyer_maker":false,"price":0.08991,"quantity":0.75,"timestamp":1772552691280},{"is_buyer_maker":false,"price":0.08991,"quantity":0.6,"timestamp":1772552691280},{"is_buyer_maker":false,"price":0.08992,"quantity":7.74,"timestamp":1772552691281},{"is_buyer_maker":true,"price":0.08992,"quantity":9.64,"timestamp":1772552691840},{"is_buyer_maker":true,"price":0.08992,"quantity":3.68,"timestamp":1772552691842},{"is_buyer_maker":false,"price":0.08992,"quantity":11.62,"timestamp":1772552692311},{"is_buyer_maker":false,"price":0.08993,"quantity":1.11,"timestamp":1772552692361},{"is_buyer_maker":false,"price":0.08993,"quantity":1.68,"timestamp":1772552692363},{"is_buyer_maker":false,"price":0.08994,"quantity":82.68,"timestamp":1772552692513}