{"exchange":"okx","symbol":"AVAXUSDT","last_updated":1772553234754,"trades":[{"is_buyer_maker":true,"price":9.078,"quantity":0.5,"timestamp":1772552639834},{"is_buyer_maker":true,"price":9.078,"quantity":29.1,"timestamp":1772552639853},{"is_buyer_maker":true,"price":9.077,"quantity":711.5,"timestamp":1772552639854},{"is_buyer_maker":true,"price":9.076,"quantity":0.5,"timestamp":1772552641568},{"is_buyer_maker":true,"price":9.076,"quantity":0.9,"timestamp":1772552641615},{"is_buyer_maker":true,"price":9.076,"quantity":0.3,"timestamp":1772552641691},{"is_buyer_maker":true,"price":9.076,"quantity":0.1,"timestamp":1772552641888},{"is_buyer_maker":true,"price":9.076,"quantity":0.1,"timestamp":1772552642086},{"is_buyer_maker":true,"price":9.076,"quantity":0.7,"timestamp":1772552642353},{"is_buyer_maker":true,"price":9.076,"quantity":103.9,"timestamp":1772552642494},{"is_buyer_maker":true,"price":9.075,"quantity":0.6,"timestamp":1772552642662},{"is_buyer_maker":true,"price":9.075,"quantity":4.4,"timestamp":1772552642982},{"is_buyer_maker":true,"price":9.074,"quantity":4.5,"timestamp":1772552643049},{"is_buyer_maker":true,"price":9.073,"quantity":0.1,"timestamp":1772552643182},{"is_buyer_maker":true,"price":9.073,"quantity":0.2,"timestamp":1772552643429},{"is_buyer_maker":true,"price":9.073,"quantity":0.1,"timestamp":1772552643639},{"is_buyer_maker":true,"price":9.073,"quantity":0.2,"timestamp":1772552643642},{"is_buyer_maker":true,"price":9.073,"quantity":0.4,"timestamp":1772552643735},{"is_buyer_maker":false,"price":9.074,"quantity":1.7,"timestamp":1772552643813},{"is_buyer_maker":true,"price":9.073,"quantity":0.1,"timestamp":1772552643871},{"is_buyer_maker":false,"price":9.074,"quantity":5.2,"timestamp":1772552644131},{"is_buyer_maker":true,"price":9.074,"quantity":0.6,"timestamp":1772552644655},{"is_buyer_maker":false,"price":9.075,"quantity":6.2,"timestamp":1772552645513},{"is_buyer_maker":false,"price":9.076,"quantity":3.5,"timestamp":1772552645517},{"is_buyer_maker":false,"price":9.077,"quantity":108.9,"timestamp":1772552645517},{"is_buyer_maker":false,"price":9.076,"quantity":3.5,"timestamp":1772552645517},{"is_buyer_maker":false,"price":9.077,"quantity":108.9,"timestamp":1772552645517},{"is_buyer_maker":false,"price":9.076,"quantity":3.5,"timestamp":1772552645517},{"is_buyer_maker":false,"price":9.077,"quantity":108.9,"timestamp":1772552645517},{"is_buyer_maker":false,"price":9.076,"quantity":3.5,"timestamp":1772552645517},{"is_buyer_maker":false,"price":9.077,"quantity":108.9,"timestamp":1772552645517},{"is_buyer_maker":false,"price":9.076,"quantity":3.5,"timestamp":1772552645517},{"is_buyer_maker":false,"price":9.077,"quantity":108.9,"timestamp":1772552645517},{"is_buyer_maker":false,"price":9.076,"quantity":3.5,"timestamp":1772552645517},{"is_buyer_maker":false,"price":9.077,"quantity":108.9,"timestamp":1772552645517},{"is_buyer_maker":false,"price":9.076,"quantity":3.5,"timestamp":1772552645517},{"is_buyer_maker":false,"price":9.077,"quantity":108.9,"timestamp":1772552645517},{"is_buyer_maker":false,"price":9.076,"quantity":3.5,"timestamp":1772552645517},{"is_buyer_maker":false,"price":9.077,"quantity":108.9,"timestamp":1772552645517},{"is_buyer_maker":false,"price":9.076,"quantity":3.5,"timestamp":1772552645517},{"is_buyer_maker":false,"price":9.077,"quantity":108.9,"timestamp":1772552645517},{"is_buyer_maker":false,"price":9.076,"quantity":3.5,"timestamp":1772552645517},{"is_buyer_maker":false,"price":9.077,"quantity":108.9,"timestamp":1772552645517},{"is_buyer_maker":false,"price":9.076,"quantity":3.5,"timestamp":1772552645517},{"is_buyer_maker":false,"price":9.077,"quantity":108.9,"timestamp":1772552645517},{"is_buyer_maker":false,"price":9.076,"quantity":3.5,"timestamp":1772552645517},{"is_buyer_maker":false,"price":9.077,"quantity":108.9,"timestamp":1772552645517},{"is_buyer_maker":false,"price":9.076,"quantity":3.5,"timestamp":1772552645517},{"is_buyer_maker":false,"price":9.077,"quantity":108.9,"timestamp":1772552645517},{"is_buyer_maker":false,"price":9.076,"quantity":3.5,"timestamp":1772552645517},{"is_buyer_maker":false,"price":9.077,"quantity":108.9,"timestamp":1772552645517},{"is_buyer_maker":false,"price":9.076,"quantity":3.5,"timestamp":1772552645517},{"is_buyer_maker":false,"price":9.077,"quantity":108.9,"timestamp":1772552645517},{"is_buyer_maker":false,"price":9.076,"quantity":3.5,"timestamp":1772552645517},{"is_buyer_maker":false,"price":9.077,"quantity":108.9,"timestamp":1772552645517},{"is_buyer_maker":false,"price":9.076,"quantity":3.5,"timestamp":1772552645517},{"is_buyer_maker":false,"price":9.077,"quantity":108.9,"timestamp":1772552645517},{"is_buyer_maker":false,"price":9.076,"quantity":3.5,"timestamp":1772552645517},{"is_buyer_maker":false,"price":9.077,"quantity":108.9,"timestamp":1772552645517},{"is_buyer_maker":false,"price":9.076,"quantity":3.5,"timestamp":1772552645517},{"is_buyer_maker":false,"price":9.077,"quantity":108.9,"timestamp":1772552645517},{"is_buyer_maker":false,"price":9.077,"quantity":183.7,"timestamp":1772552645518},{"is_buyer_maker":false,"price":9.078,"quantity":32.3,"timestamp":1772552645664},{"is_buyer_maker":false,"price":9.079,"quantity":98.0,"timestamp":1772552645664},{"is_buyer_maker":false,"price":9.078,"quantity":32.3,"timestamp":1772552645664},{"is_buyer_maker":false,"price":9.079,"quantity":98.0,"timestamp":1772552645664},{"is_buyer_maker":false,"price":9.078,"quantity":32.3,"timestamp":1772552645664},{"is_buyer_maker":false,"price":9.079,"quantity":98.0,"timestamp":1772552645664},{"is_buyer_maker":false,"price":9.078,"quantity":32.3,"timestamp":1772552645664},{"is_buyer_maker":false,"price":9.079,"quantity":98.0,"timestamp":1772552645664},{"is_buyer_maker":false,"price":9.078,"quantity":32.3,"timestamp":1772552645664},{"is_buyer_maker":false,"price":9.079,"quantity":98.0,"timestamp":1772552645664},{"is_buyer_maker":false,"price":9.078,"quantity":32.3,"timestamp":1772552645664},{"is_buyer_maker":false,"price":9.079,"quantity":98.0,"timestamp":1772552645664},{"is_buyer_maker":false,"price":9.078,"quantity":32.3,"timestamp":1772552645664},{"is_buyer_maker":false,"price":9.079,"quantity":98.0,"timestamp":1772552645664},{"is_buyer_maker":false,"price":9.078,"quantity":32.3,"timestamp":1772552645664},{"is_buyer_maker":false,"price":9.079,"quantity":98.0,"timestamp":1772552645664},{"is_buyer_maker":false,"price":9.078,"quantity":32.3,"timestamp":1772552645664},{"is_buyer_maker":false,"price":9.079,"quantity":98.0,"timestamp":1772552645664},{"is_buyer_maker":false,"price":9.078,"quantity":32.3,"timestamp":1772552645664},{"is_buyer_maker":false,"price":9.079,"quantity":98.0,"timestamp":1772552645664},{"is_buyer_maker":false,"price":9.078,"quantity":32.3,"timestamp":1772552645664},{"is_buyer_maker":false,"price":9.079,"quantity":98.0,"timestamp":1772552645664},{"is_buyer_maker":false,"price":9.078,"quantity":32.3,"timestamp":1772552645664},{"is_buyer_maker":false,"price":9.079,"quantity":98.0,"timestamp":1772552645664},{"is_buyer_maker":false,"price":9.078,"quantity":32.3,"timestamp":1772552645664},{"is_buyer_maker":false,"price":9.079,"quantity":98.0,"timestamp":1772552645664},{"is_buyer_maker":false,"price":9.078,"quantity":32.3,"timestamp":1772552645664},{"is_buyer_maker":false,"price":9.079,"quantity":98.0,"timestamp":1772552645664},{"is_buyer_maker":false,"price":9.078,"quantity":32.3,"timestamp":1772552645664},{"is_buyer_maker":false,"price":9.079,"quantity":98.0,"timestamp":1772552645664},{"is_buyer_maker":false,"price":9.078,"quantity":32.3,"timestamp":1772552645664},{"is_buyer_maker":false,"price":9.079,"quantity":98.0,"timestamp":1772552645664},{"is_buyer_maker":false,"price":9.078,"quantity":32.3,"timestamp":1772552645664},{"is_buyer_maker":false,"price":9.079,"quantity":98.0,"timestamp":1772552645664},{"is_buyer_maker":false,"price":9.078,"quantity":32.3,"timestamp":1772552645664},{"is_buyer_maker":false,"price":9.079,"quantity":98.0,"timestamp":1772552645664},{"is_buyer_maker":false,"price":9.078,"quantity":32.3,"timestamp":1772552645664},{"is_buyer_maker":false,"price":9.079,"quantity":98.0,"timestamp":1772552645664},{"is_buyer_maker":true,"price":9.078,"quantity":1.2,"timestamp":1772552648852},{"is_buyer_maker":true,"price":9.077,"quantity":1.0,"timestamp":1772552650816},{"is_buyer_maker":true,"price":9.076,"quantity":43.2,"timestamp":1772552651382},{"is_buyer_maker":true,"price":9.075,"quantity":1.3,"timestamp":1772552651382},{"is_buyer_maker":true,"price":9.074,"quantity":116.5,"timestamp":1772552651382},{"is_buyer_maker":true,"price":9.076,"quantity":43.2,"timestamp":1772552651382},{"is_buyer_maker":true,"price":9.075,"quantity":1.3,"timestamp":1772552651382},{"is_buyer_maker":true,"price":9.074,"quantity":116.5,"timestamp":1772552651382},{"is_buyer_maker":true,"price":9.076,"quantity":43.2,"timestamp":1772552651382},{"is_buyer_maker":true,"price":9.075,"quantity":1.3,"timestamp":1772552651382},{"is_buyer_maker":true,"price":9.074,"quantity":116.5,"timestamp":1772552651382},{"is_buyer_maker":true,"price":9.076,"quantity":43.2,"timestamp":1772552651382},{"is_buyer_maker":true,"price":9.075,"quantity":1.3,"timestamp":1772552651382},{"is_buyer_maker":true,"price":9.074,"quantity":116.5,"timestamp":1772552651382},{"is_buyer_maker":true,"price":9.076,"quantity":43.2,"timestamp":1772552651382},{"is_buyer_maker":true,"price":9.075,"quantity":1.3,"timestamp":1772552651382},{"is_buyer_maker":true,"price":9.074,"quantity":116.5,"timestamp":1772552651382},{"is_buyer_maker":true,"price":9.076,"quantity":43.2,"timestamp":1772552651382},{"is_buyer_maker":true,"price":9.075,"quantity":1.3,"timestamp":1772552651382},{"is_buyer_maker":true,"price":9.074,"quantity":116.5,"timestamp":1772552651382},{"is_buyer_maker":true,"price":9.076,"quantity":43.2,"timestamp":1772552651382},{"is_buyer_maker":true,"price":9.075,"quantity":1.3,"timestamp":1772552651382},{"is_buyer_maker":true,"price":9.074,"quantity":116.5,"timestamp":1772552651382},{"is_buyer_maker":true,"price":9.076,"quantity":43.2,"timestamp":1772552651382},{"is_buyer_maker":true,"price":9.075,"quantity":1.3,"timestamp":1772552651382},{"is_buyer_maker":true,"price":9.074,"quantity":116.5,"timestamp":1772552651382},{"is_buyer_maker":true,"price":9.076,"quantity":43.2,"timestamp":1772552651382},{"is_buyer_maker":true,"price":9.075,"quantity":1.3,"timestamp":1772552651382},{"is_buyer_maker":true,"price":9.074,"quantity":116.5,"timestamp":1772552651382},{"is_buyer_maker":true,"price":9.076,"quantity":43.2,"timestamp":1772552651382},{"is_buyer_maker":true,"price":9.075,"quantity":1.3,"timestamp":1772552651382},{"is_buyer_maker":true,"price":9.074,"quantity":116.5,"timestamp":1772552651382},{"is_buyer_maker":true,"price":9.076,"quantity":43.2,"timestamp":1772552651382},{"is_buyer_maker":true,"price":9.075,"quantity":1.3,"timestamp":1772552651382},{"is_buyer_maker":true,"price":9.074,"quantity":116.5,"timestamp":1772552651382},{"is_buyer_maker":true,"price":9.076,"quantity":43.2,"timestamp":1772552651382},{"is_buyer_maker":true,"price":9.075,"quantity":1.3,"timestamp":1772552651382},{"is_buyer_maker":true,"price":9.074,"quantity":116.5,"timestamp":1772552651382},{"is_buyer_maker":true,"price":9.076,"quantity":43.2,"timestamp":1772552651382},{"is_buyer_maker":true,"price":9.075,"quantity":1.3,"timestamp":1772552651382},{"is_buyer_maker":true,"price":9.074,"quantity":116.5,"timestamp":1772552651382},{"is_buyer_maker":true,"price":9.076,"quantity":43.2,"timestamp":1772552651382},{"is_buyer_maker":true,"price":9.075,"quantity":1.3,"timestamp":1772552651382},{"is_buyer_maker":true,"price":9.074,"quantity":116.5,"timestamp":1772552651382},{"is_buyer_maker":true,"price":9.076,"quantity":43.2,"timestamp":1772552651382},{"is_buyer_maker":true,"price":9.075,"quantity":1.3,"timestamp":1772552651382},{"is_buyer_maker":true,"price":9.074,"quantity":116.5,"timestamp":1772552651382},{"is_buyer_maker":true,"price":9.076,"quantity":43.2,"timestamp":1772552651382},{"is_buyer_maker":true,"price":9.075,"quantity":1.3,"timestamp":1772552651382},{"is_buyer_maker":true,"price":9.074,"quantity":116.5,"timestamp":1772552651382},{"is_buyer_maker":true,"price":9.076,"quantity":43.2,"timestamp":1772552651382},{"is_buyer_maker":true,"price":9.075,"quantity":1.3,"timestamp":1772552651382},{"is_buyer_maker":true,"price":9.074,"quantity":116.5,"timestamp":1772552651382},{"is_buyer_maker":true,"price":9.076,"quantity":43.2,"timestamp":1772552651382},{"is_buyer_maker":true,"price":9.075,"quantity":1.3,"timestamp":1772552651382},{"is_buyer_maker":true,"price":9.074,"quantity":116.5,"timestamp":1772552651382},{"is_buyer_maker":true,"price":9.076,"quantity":43.2,"timestamp":1772552651382},{"is_buyer_maker":true,"price":9.075,"quantity":1.3,"timestamp":1772552651382},{"is_buyer_maker":true,"price":9.074,"quantity":116.5,"timestamp":1772552651382},{"is_buyer_maker":true,"price":9.074,"quantity":0.1,"timestamp":1772552651433},{"is_buyer_maker":true,"price":9.074,"quantity":0.1,"timestamp":1772552652152},{"is_buyer_maker":false,"price":9.075,"quantity":39.6,"timestamp":1772552652331},{"is_buyer_maker":true,"price":9.074,"quantity":0.1,"timestamp":1772552652496},{"is_buyer_maker":true,"price":9.074,"quantity":0.1,"timestamp":1772552652976},{"is_buyer_maker":true,"price":9.074,"quantity":0.9,"timestamp":1772552653058},{"is_buyer_maker":true,"price":9.073,"quantity":0.3,"timestamp":1772552653206},{"is_buyer_maker":true,"price":9.073,"quantity":0.3,"timestamp":1772552653486},{"is_buyer_maker":true,"price":9.072,"quantity":5.3,"timestamp":1772552653486},{"is_buyer_maker":true,"price":9.073,"quantity":0.3,"timestamp":1772552653486},{"is_buyer_maker":true,"price":9.072,"quantity":5.3,"timestamp":1772552653486},{"is_buyer_maker":true,"price":9.073,"quantity":0.3,"timestamp":1772552653486},{"is_buyer_maker":true,"price":9.072,"quantity":5.3,"timestamp":1772552653486},{"is_buyer_maker":true,"price":9.073,"quantity":0.3,"timestamp":1772552653486},{"is_buyer_maker":true,"price":9.072,"quantity":5.3,"timestamp":1772552653486},{"is_buyer_maker":true,"price":9.073,"quantity":0.3,"timestamp":1772552653486},{"is_buyer_maker":true,"price":9.072,"quantity":5.3,"timestamp":1772552653486},{"is_buyer_maker":true,"price":9.073,"quantity":0.3,"timestamp":1772552653486},{"is_buyer_maker":true,"price":9.072,"quantity":5.3,"timestamp":1772552653486},{"is_buyer_maker":true,"price":9.073,"quantity":0.3,"timestamp":1772552653486},{"is_buyer_maker":true,"price":9.072,"quantity":5.3,"timestamp":1772552653486},{"is_buyer_maker":true,"price":9.073,"quantity":0.3,"timestamp":1772552653486},{"is_buyer_maker":true,"price":9.072,"quantity":5.3,"timestamp":1772552653486},{"is_buyer_maker":true,"price":9.073,"quantity":0.3,"timestamp":1772552653486},{"is_buyer_maker":true,"price":9.072,"quantity":5.3,"timestamp":1772552653486},{"is_buyer_maker":true,"price":9.073,"quantity":0.3,"timestamp":1772552653486},{"is_buyer_maker":true,"price":9.072,"quantity":5.3,"timestamp":1772552653486},{"is_buyer_maker":true,"price":9.073,"quantity":0.3,"timestamp":1772552653486},{"is_buyer_maker":true,"price":9.072,"quantity":5.3,"timestamp":1772552653486},{"is_buyer_maker":true,"price":9.073,"quantity":0.3,"timestamp":1772552653486},{"is_buyer_maker":true,"price":9.072,"quantity":5.3,"timestamp":1772552653486},{"is_buyer_maker":true,"price":9.073,"quantity":0.3,"timestamp":1772552653486},{"is_buyer_maker":true,"price":9.072,"quantity":5.3,"timestamp":1772552653486},{"is_buyer_maker":true,"price":9.073,"quantity":0.3,"timestamp":1772552653486},{"is_buyer_maker":true,"price":9.072,"quantity":5.3,"timestamp":1772552653486},{"is_buyer_maker":true,"price":9.073,"quantity":0.3,"timestamp":1772552653486},{"is_buyer_maker":true,"price":9.072,"quantity":5.3,"timestamp":1772552653486},{"is_buyer_maker":true,"price":9.073,"quantity":0.3,"timestamp":1772552653486},{"is_buyer_maker":true,"price":9.072,"quantity":5.3,"timestamp":1772552653486},{"is_buyer_maker":true,"price":9.073,"quantity":0.3,"timestamp":1772552653486},{"is_buyer_maker":true,"price":9.072,"quantity":5.3,"timestamp":1772552653486},{"is_buyer_maker":true,"price":9.073,"quantity":0.3,"timestamp":1772552653486},{"is_buyer_maker":true,"price":9.072,"quantity":5.3,"timestamp":1772552653486},{"is_buyer_maker":true,"price":9.073,"quantity":0.3,"timestamp":1772552653486},{"is_buyer_maker":true,"price":9.072,"quantity":5.3,"timestamp":1772552653486},{"is_buyer_maker":true,"price":9.071,"quantity":144.7,"timestamp":1772552653490},{"is_buyer_maker":true,"price":9.071,"quantity":300.2,"timestamp":1772552653491},{"is_buyer_maker":true,"price":9.071,"quantity":15.3,"timestamp":1772552653496},{"is_buyer_maker":true,"price":9.07,"quantity":0.5,"timestamp":1772552653722},{"is_buyer_maker":true,"price":9.07,"quantity":0.8,"timestamp":1772552653883},{"is_buyer_maker":true,"price":9.07,"quantity":0.1,"timestamp":1772552654147},{"is_buyer_maker":true,"price":9.07,"quantity":0.9,"timestamp":1772552654281},{"is_buyer_maker":true,"price":9.07,"quantity":0.2,"timestamp":1772552654294},{"is_buyer_maker":true,"price":9.07,"quantity":0.1,"timestamp":1772552654597},{"is_buyer_maker":true,"price":9.07,"quantity":1.5,"timestamp":1772552654721},{"is_buyer_maker":true,"price":9.07,"quantity":0.1,"timestamp":1772552654731},{"is_buyer_maker":true,"price":9.07,"quantity":0.1,"timestamp":1772552654820},{"is_buyer_maker":true,"price":9.07,"quantity":0.1,"timestamp":1772552654849},{"is_buyer_maker":true,"price":9.07,"quantity":1.0,"timestamp":1772552655161},{"is_buyer_maker":true,"price":9.07,"quantity":0.1,"timestamp":1772552655216},{"is_buyer_maker":true,"price":9.07,"quantity":0.5,"timestamp":1772552655245},{"is_buyer_maker":true,"price":9.07,"quantity":0.4,"timestamp":1772552655273},{"is_buyer_maker":true,"price":9.07,"quantity":0.1,"timestamp":1772552655725},{"is_buyer_maker":true,"price":9.07,"quantity":7.1,"timestamp":1772552655751},{"is_buyer_maker":true,"price":9.069,"quantity":0.1,"timestamp":1772552655858},{"is_buyer_maker":true,"price":9.069,"quantity":0.2,"timestamp":1772552657361},{"is_buyer_maker":true,"price":9.069,"quantity":0.1,"timestamp":1772552657983},{"is_buyer_maker":true,"price":9.069,"quantity":0.1,"timestamp":1772552658165},{"is_buyer_maker":true,"price":9.069,"quantity":10.6,"timestamp":1772552658315},{"is_buyer_maker":true,"price":9.068,"quantity":1.2,"timestamp":1772552658319},{"is_buyer_maker":true,"price":9.067,"quantity":0.4,"timestamp":1772552659085},{"is_buyer_maker":true,"price":9.067,"quantity":0.1,"timestamp":1772552659185},{"is_buyer_maker":true,"price":9.067,"quantity":0.6,"timestamp":1772552659538},{"is_buyer_maker":true,"price":9.067,"quantity":0.2,"timestamp":1772552659686},{"is_buyer_maker":true,"price":9.067,"quantity":0.8,"timestamp":1772552659870},{"is_buyer_maker":true,"price":9.067,"quantity":0.3,"timestamp":1772552660365},{"is_buyer_maker":true,"price":9.067,"quantity":1.2,"timestamp":1772552660555},{"is_buyer_maker":true,"price":9.066,"quantity":5.4,"timestamp":1772552660555},{"is_buyer_maker":true,"price":9.067,"quantity":1.2,"timestamp":1772552660555},{"is_buyer_maker":true,"price":9.066,"quantity":5.4,"timestamp":1772552660555},{"is_buyer_maker":true,"price":9.067,"quantity":1.2,"timestamp":1772552660555},{"is_buyer_maker":true,"price":9.066,"quantity":5.4,"timestamp":1772552660555},{"is_buyer_maker":true,"price":9.067,"quantity":1.2,"timestamp":1772552660555},{"is_buyer_maker":true,"price":9.066,"quantity":5.4,"timestamp":1772552660555},{"is_buyer_maker":true,"price":9.067,"quantity":1.2,"timestamp":1772552660555},{"is_buyer_maker":true,"price":9.066,"quantity":5.4,"timestamp":1772552660555},{"is_buyer_maker":true,"price":9.067,"quantity":1.2,"timestamp":1772552660555},{"is_buyer_maker":true,"price":9.066,"quantity":5.4,"timestamp":1772552660555},{"is_buyer_maker":true,"price":9.067,"quantity":1.2,"timestamp":1772552660555},{"is_buyer_maker":true,"price":9.066,"quantity":5.4,"timestamp":1772552660555},{"is_buyer_maker":true,"price":9.067,"quantity":1.2,"timestamp":1772552660555},{"is_buyer_maker":true,"price":9.066,"quantity":5.4,"timestamp":1772552660555},{"is_buyer_maker":true,"price":9.067,"quantity":1.2,"timestamp":1772552660555},{"is_buyer_maker":true,"price":9.066,"quantity":5.4,"timestamp":1772552660555},{"is_buyer_maker":true,"price":9.067,"quantity":1.2,"timestamp":1772552660555},{"is_buyer_maker":true,"price":9.066,"quantity":5.4,"timestamp":1772552660555},{"is_buyer_maker":true,"price":9.067,"quantity":1.2,"timestamp":1772552660555},{"is_buyer_maker":true,"price":9.066,"quantity":5.4,"timestamp":1772552660555},{"is_buyer_maker":true,"price":9.067,"quantity":1.2,"timestamp":1772552660555},{"is_buyer_maker":true,"price":9.066,"quantity":5.4,"timestamp":1772552660555},{"is_buyer_maker":true,"price":9.067,"quantity":1.2,"timestamp":1772552660555},{"is_buyer_maker":true,"price":9.066,"quantity":5.4,"timestamp":1772552660555},{"is_buyer_maker":true,"price":9.067,"quantity":1.2,"timestamp":1772552660555},{"is_buyer_maker":true,"price":9.066,"quantity":5.4,"timestamp":1772552660555},{"is_buyer_maker":true,"price":9.067,"quantity":1.2,"timestamp":1772552660555},{"is_buyer_maker":true,"price":9.066,"quantity":5.4,"timestamp":1772552660555},{"is_buyer_maker":true,"price":9.067,"quantity":1.2,"timestamp":1772552660555},{"is_buyer_maker":true,"price":9.066,"quantity":5.4,"timestamp":1772552660555},{"is_buyer_maker":true,"price":9.067,"quantity":1.2,"timestamp":1772552660555},{"is_buyer_maker":true,"price":9.066,"quantity":5.4,"timestamp":1772552660555},{"is_buyer_maker":true,"price":9.067,"quantity":1.2,"timestamp":1772552660555},{"is_buyer_maker":true,"price":9.066,"quantity":5.4,"timestamp":1772552660555},{"is_buyer_maker":true,"price":9.067,"quantity":1.2,"timestamp":1772552660555},{"is_buyer_maker":true,"price":9.066,"quantity":5.4,"timestamp":1772552660555},{"is_buyer_maker":false,"price":9.067,"quantity":1.0,"timestamp":1772552660649},{"is_buyer_maker":true,"price":9.067,"quantity":0.3,"timestamp":1772552660699},{"is_buyer_maker":true,"price":9.067,"quantity":0.1,"timestamp":1772552660967},{"is_buyer_maker":true,"price":9.067,"quantity":0.7,"timestamp":1772552661112},{"is_buyer_maker":true,"price":9.067,"quantity":1.2,"timestamp":1772552661123},{"is_buyer_maker":true,"price":9.066,"quantity":0.8,"timestamp":1772552661453},{"is_buyer_maker":true,"price":9.066,"quantity":64.5,"timestamp":1772552661586},{"is_buyer_maker":true,"price":9.065,"quantity":0.1,"timestamp":1772552661622},{"is_buyer_maker":true,"price":9.065,"quantity":7.4,"timestamp":1772552661756},{"is_buyer_maker":true,"price":9.064,"quantity":1.2,"timestamp":1772552661818},{"is_buyer_maker":true,"price":9.064,"quantity":0.4,"timestamp":1772552661820},{"is_buyer_maker":true,"price":9.063,"quantity":0.1,"timestamp":1772552661866},{"is_buyer_maker":true,"price":9.063,"quantity":0.1,"timestamp":1772552661973},{"is_buyer_maker":true,"price":9.063,"quantity":0.1,"timestamp":1772552662048},{"is_buyer_maker":true,"price":9.063,"quantity":1.7,"timestamp":1772552662275},{"is_buyer_maker":false,"price":9.064,"quantity":2.0,"timestamp":1772552662342},{"is_buyer_maker":false,"price":9.065,"quantity":2.6,"timestamp":1772552662476},{"is_buyer_maker":false,"price":9.066,"quantity":3.3,"timestamp":1772552662509},{"is_buyer_maker":true,"price":9.066,"quantity":0.1,"timestamp":1772552662523},{"is_buyer_maker":true,"price":9.066,"quantity":0.2,"timestamp":1772552665273},{"is_buyer_maker":true,"price":9.066,"quantity":0.2,"timestamp":1772552665875},{"is_buyer_maker":true,"price":9.066,"quantity":0.6,"timestamp":1772552666138},{"is_buyer_maker":false,"price":9.067,"quantity":200.0,"timestamp":1772552666242},{"is_buyer_maker":false,"price":9.067,"quantity":30.0,"timestamp":1772552666244},{"is_buyer_maker":false,"price":9.068,"quantity":149.2,"timestamp":1772552667252},{"is_buyer_maker":false,"price":9.068,"quantity":0.1,"timestamp":1772552667255},{"is_buyer_maker":true,"price":9.068,"quantity":0.3,"timestamp":1772552671120},{"is_buyer_maker":true,"price":9.068,"quantity":0.1,"timestamp":1772552671853},{"is_buyer_maker":true,"price":9.068,"quantity":0.1,"timestamp":1772552672118},{"is_buyer_maker":true,"price":9.068,"quantity":1.3,"timestamp":1772552672483},{"is_buyer_maker":true,"price":9.068,"quantity":0.1,"timestamp":1772552673207},{"is_buyer_maker":true,"price":9.068,"quantity":0.1,"timestamp":1772552673415},{"is_buyer_maker":false,"price":9.069,"quantity":10.3,"timestamp":1772552673540},{"is_buyer_maker":false,"price":9.07,"quantity":1.5,"timestamp":1772552674020},{"is_buyer_maker":false,"price":9.071,"quantity":1.4,"timestamp":1772552674024},{"is_buyer_maker":false,"price":9.071,"quantity":0.2,"timestamp":1772552674027},{"is_buyer_maker":false,"price":9.071,"quantity":0.9,"timestamp":1772552674029},{"is_buyer_maker":false,"price":9.072,"quantity":7.2,"timestamp":1772552674146},{"is_buyer_maker":true,"price":9.072,"quantity":1.2,"timestamp":1772552675121},{"is_buyer_maker":false,"price":9.072,"quantity":18.5,"timestamp":1772552676298},{"is_buyer_maker":false,"price":9.073,"quantity":17.3,"timestamp":1772552676298},{"is_buyer_maker":false,"price":9.072,"quantity":18.5,"timestamp":1772552676298},{"is_buyer_maker":false,"price":9.073,"quantity":17.3,"timestamp":1772552676298},{"is_buyer_maker":false,"price":9.072,"quantity":18.5,"timestamp":1772552676298},{"is_buyer_maker":false,"price":9.073,"quantity":17.3,"timestamp":1772552676298},{"is_buyer_maker":false,"price":9.072,"quantity":18.5,"timestamp":1772552676298},{"is_buyer_maker":false,"price":9.073,"quantity":17.3,"timestamp":1772552676298},{"is_buyer_maker":false,"price":9.072,"quantity":18.5,"timestamp":1772552676298},{"is_buyer_maker":false,"price":9.073,"quantity":17.3,"timestamp":1772552676298},{"is_buyer_maker":false,"price":9.072,"quantity":18.5,"timestamp":1772552676298},{"is_buyer_maker":false,"price":9.073,"quantity":17.3,"timestamp":1772552676298},{"is_buyer_maker":false,"price":9.072,"quantity":18.5,"timestamp":1772552676298},{"is_buyer_maker":false,"price":9.073,"quantity":17.3,"timestamp":1772552676298},{"is_buyer_maker":false,"price":9.072,"quantity":18.5,"timestamp":1772552676298},{"is_buyer_maker":false,"price":9.073,"quantity":17.3,"timestamp":1772552676298},{"is_buyer_maker":false,"price":9.072,"quantity":18.5,"timestamp":1772552676298},{"is_buyer_maker":false,"price":9.073,"quantity":17.3,"timestamp":1772552676298},{"is_buyer_maker":false,"price":9.072,"quantity":18.5,"timestamp":1772552676298},{"is_buyer_maker":false,"price":9.073,"quantity":17.3,"timestamp":1772552676298},{"is_buyer_maker":false,"price":9.072,"quantity":18.5,"timestamp":1772552676298},{"is_buyer_maker":false,"price":9.073,"quantity":17.3,"timestamp":1772552676298},{"is_buyer_maker":false,"price":9.072,"quantity":18.5,"timestamp":1772552676298},{"is_buyer_maker":false,"price":9.073,"quantity":17.3,"timestamp":1772552676298},{"is_buyer_maker":false,"price":9.072,"quantity":18.5,"timestamp":1772552676298},{"is_buyer_maker":false,"price":9.073,"quantity":17.3,"timestamp":1772552676298},{"is_buyer_maker":false,"price":9.072,"quantity":18.5,"timestamp":1772552676298},{"is_buyer_maker":false,"price":9.073,"quantity":17.3,"timestamp":1772552676298},{"is_buyer_maker":false,"price":9.072,"quantity":18.5,"timestamp":1772552676298},{"is_buyer_maker":false,"price":9.073,"quantity":17.3,"timestamp":1772552676298},{"is_buyer_maker":false,"price":9.072,"quantity":18.5,"timestamp":1772552676298},{"is_buyer_maker":false,"price":9.073,"quantity":17.3,"timestamp":1772552676298},{"is_buyer_maker":false,"price":9.072,"quantity":18.5,"timestamp":1772552676298},{"is_buyer_maker":false,"price":9.073,"quantity":17.3,"timestamp":1772552676298},{"is_buyer_maker":false,"price":9.072,"quantity":18.5,"timestamp":1772552676298},{"is_buyer_maker":false,"price":9.073,"quantity":17.3,"timestamp":1772552676298},{"is_buyer_maker":false,"price":9.073,"quantity":0.4,"timestamp":1772552676303},{"is_buyer_maker":false,"price":9.073,"quantity":1.0,"timestamp":1772552676306},{"is_buyer_maker":true,"price":9.072,"quantity":9.5,"timestamp":1772552679883},{"is_buyer_maker":true,"price":9.072,"quantity":0.1,"timestamp":1772552680149},{"is_buyer_maker":true,"price":9.072,"quantity":1.2,"timestamp":1772552680218},{"is_buyer_maker":true,"price":9.071,"quantity":0.1,"timestamp":1772552682034},{"is_buyer_maker":true,"price":9.071,"quantity":0.1,"timestamp":1772552682155},{"is_buyer_maker":true,"price":9.071,"quantity":0.8,"timestamp":1772552682418},{"is_buyer_maker":true,"price":9.071,"quantity":0.2,"timestamp":1772552682419},{"is_buyer_maker":true,"price":9.071,"quantity":0.7,"timestamp":1772552682622},{"is_buyer_maker":true,"price":9.071,"quantity":0.5,"timestamp":1772552682650},{"is_buyer_maker":true,"price":9.071,"quantity":0.2,"timestamp":1772552682762},{"is_buyer_maker":true,"price":9.071,"quantity":0.1,"timestamp":1772552683084},{"is_buyer_maker":false,"price":9.072,"quantity":168.6,"timestamp":1772552683236},{"is_buyer_maker":true,"price":9.071,"quantity":1.5,"timestamp":1772552683829},{"is_buyer_maker":true,"price":9.07,"quantity":0.1,"timestamp":1772552684128},{"is_buyer_maker":true,"price":9.07,"quantity":0.5,"timestamp":1772552684330},{"is_buyer_maker":true,"price":9.07,"quantity":0.3,"timestamp":1772552684341},{"is_buyer_maker":false,"price":9.071,"quantity":12.6,"timestamp":1772552684742},{"is_buyer_maker":true,"price":9.07,"quantity":0.2,"timestamp":1772552685106},{"is_buyer_maker":true,"price":9.07,"quantity":0.2,"timestamp":1772552685197},{"is_buyer_maker":true,"price":9.07,"quantity":0.8,"timestamp":1772552685339},{"is_buyer_maker":true,"price":9.07,"quantity":0.4,"timestamp":1772552685986},{"is_buyer_maker":true,"price":9.07,"quantity":0.3,"timestamp":1772552686153},{"is_buyer_maker":true,"price":9.07,"quantity":0.2,"timestamp":1772552686371},{"is_buyer_maker":true,"price":9.07,"quantity":0.1,"timestamp":1772552686902},{"is_buyer_maker":true,"price":9.07,"quantity":0.5,"timestamp":1772552687266},{"is_buyer_maker":true,"price":9.07,"quantity":0.6,"timestamp":1772552687630},{"is_buyer_maker":true,"price":9.07,"quantity":1.0,"timestamp":1772552687632},{"is_buyer_maker":true,"price":9.069,"quantity":1.0,"timestamp":1772552687695},{"is_buyer_maker":true,"price":9.069,"quantity":0.1,"timestamp":1772552688729},{"is_buyer_maker":false,"price":9.07,"quantity":66.0,"timestamp":1772552688882},{"is_buyer_maker":true,"price":9.069,"quantity":0.1,"timestamp":1772552689082},{"is_buyer_maker":true,"price":9.069,"quantity":0.2,"timestamp":1772552689253},{"is_buyer_maker":true,"price":9.069,"quantity":0.1,"timestamp":1772552689447},{"is_buyer_maker":true,"price":9.069,"quantity":1.6,"timestamp":1772552689647},{"is_buyer_maker":true,"price":9.069,"quantity":0.2,"timestamp":1772552689790},{"is_buyer_maker":true,"price":9.069,"quantity":0.1,"timestamp":1772552690632},{"is_buyer_maker":true,"price":9.069,"quantity":0.1,"timestamp":1772552690684},{"is_buyer_maker":true,"price":9.069,"quantity":0.1,"timestamp":1772552690792},{"is_buyer_maker":true,"price":9.069,"quantity":0.6,"timestamp":1772552690831},{"is_buyer_maker":true,"price":9.069,"quantity":0.1,"timestamp":1772552690911},{"is_buyer_maker":true,"price":9.069,"quantity":0.2,"timestamp":1772552691328},{"is_buyer_maker":true,"price":9.069,"quantity":0.4,"timestamp":1772552691421},{"is_buyer_maker":true,"price":9.069,"quantity":0.3,"timestamp":1772552691548},{"is_buyer_maker":true,"price":9.069,"quantity":0.1,"timestamp":1772552691610},{"is_buyer_maker":true,"price":9.069,"quantity":1.0,"timestamp":1772552692375},{"is_buyer_maker":false,"price":9.07,"quantity":77.2,"timestamp":1772552692387},{"is_buyer_maker":false,"price":9.071,"quantity":3.2,"timestamp":1772552692542},{"is_buyer_maker":false,"price":9.072,"quantity":32.5,"timestamp":1772552692646},{"is_buyer_maker":false,"price":9.073,"quantity":1.3,"timestamp":1772552692648},{"is_buyer_maker":true,"price":9.073,"quantity":30.5,"timestamp":1772552694149},{"is_buyer_maker":true,"price":9.072,"quantity":1.3,"timestamp":1772552694164},{"is_buyer_maker":false,"price":9.072,"quantity":1.0,"timestamp":1772552694219},{"is_buyer_maker":false,"price":9.073,"quantity":5.0,"timestamp":1772552696133},{"is_buyer_maker":false,"price":9.074,"quantity":0.2,"timestamp":1772552696135},{"is_buyer_maker":true,"price":9.073,"quantity":0.7,"timestamp":1772552696820},{"is_buyer_maker":true,"price":9.073,"quantity":66.1,"timestamp":1772552698279},{"is_buyer_maker":true,"price":9.072,"quantity":0.1,"timestamp":1772552699761},{"is_buyer_maker":true,"price":9.072,"quantity":0.1,"timestamp":1772552700110},{"is_buyer_maker":true,"price":9.072,"quantity":0.1,"timestamp":1772552700341},{"is_buyer_maker":true,"price":9.072,"quantity":0.3,"timestamp":1772552701399},{"is_buyer_maker":false,"price":9.073,"quantity":110.3,"timestamp":1772552701626},{"is_buyer_maker":false,"price":9.074,"quantity":7.9,"timestamp":1772552701874},{"is_buyer_maker":false,"price":9.075,"quantity":2.1,"timestamp":1772552702266},{"is_buyer_maker":false,"price":9.076,"quantity":1.4,"timestamp":1772552702270},{"is_buyer_maker":false,"price":9.076,"quantity":1.0,"timestamp":1772552702276},{"is_buyer_maker":true,"price":9.076,"quantity":7.4,"timestamp":1772552702291},{"is_buyer_maker":true,"price":9.076,"quantity":0.1,"timestamp":1772552702592},{"is_buyer_maker":true,"price":9.076,"quantity":0.5,"timestamp":1772552702846},{"is_buyer_maker":false,"price":9.077,"quantity":19.5,"timestamp":1772552702956},{"is_buyer_maker":false,"price":9.078,"quantity":10.6,"timestamp":1772552703062},{"is_buyer_maker":false,"price":9.079,"quantity":1.3,"timestamp":1772552703071},{"is_buyer_maker":false,"price":9.08,"quantity":81.3,"timestamp":1772552703080},{"is_buyer_maker":false,"price":9.081,"quantity":48.2,"timestamp":1772552703080},{"is_buyer_maker":false,"price":9.08,"quantity":81.3,"timestamp":1772552703080},{"is_buyer_maker":false,"price":9.081,"quantity":48.2,"timestamp":1772552703080},{"is_buyer_maker":false,"price":9.08,"quantity":81.3,"timestamp":1772552703080},{"is_buyer_maker":false,"price":9.081,"quantity":48.2,"timestamp":1772552703080},{"is_buyer_maker":false,"price":9.08,"quantity":81.3,"timestamp":1772552703080},{"is_buyer_maker":false,"price":9.081,"quantity":48.2,"timestamp":1772552703080},{"is_buyer_maker":false,"price":9.08,"quantity":81.3,"timestamp":1772552703080},{"is_buyer_maker":false,"price":9.081,"quantity":48.2,"timestamp":1772552703080},{"is_buyer_maker":false,"price":9.08,"quantity":81.3,"timestamp":1772552703080},{"is_buyer_maker":false,"price":9.081,"quantity":48.2,"timestamp":1772552703080},{"is_buyer_maker":false,"price":9.08,"quantity":81.3,"timestamp":1772552703080},{"is_buyer_maker":false,"price":9.081,"quantity":48.2,"timestamp":1772552703080},{"is_buyer_maker":false,"price":9.08,"quantity":81.3,"timestamp":1772552703080},{"is_buyer_maker":false,"price":9.081,"quantity":48.2,"timestamp":1772552703080},{"is_buyer_maker":false,"price":9.08,"quantity":81.3,"timestamp":1772552703080},{"is_buyer_maker":false,"price":9.081,"quantity":48.2,"timestamp":1772552703080},{"is_buyer_maker":false,"price":9.08,"quantity":81.3,"timestamp":1772552703080},{"is_buyer_maker":false,"price":9.081,"quantity":48.2,"timestamp":1772552703080},{"is_buyer_maker":false,"price":9.08,"quantity":81.3,"timestamp":1772552703080},{"is_buyer_maker":false,"price":9.081,"quantity":48.2,"timestamp":1772552703080},{"is_buyer_maker":false,"price":9.08,"quantity":81.3,"timestamp":1772552703080},{"is_buyer_maker":false,"price":9.081,"quantity":48.2,"timestamp":1772552703080},{"is_buyer_maker":false,"price":9.08,"quantity":81.3,"timestamp":1772552703080},{"is_buyer_maker":false,"price":9.081,"quantity":48.2,"timestamp":1772552703080},{"is_buyer_maker":false,"price":9.08,"quantity":81.3,"timestamp":1772552703080},{"is_buyer_maker":false,"price":9.081,"quantity":48.2,"timestamp":1772552703080},{"is_buyer_maker":false,"price":9.08,"quantity":81.3,"timestamp":1772552703080},{"is_buyer_maker":false,"price":9.081,"quantity":48.2,"timestamp":1772552703080},{"is_buyer_maker":false,"price":9.08,"quantity":81.3,"timestamp":1772552703080},{"is_buyer_maker":false,"price":9.081,"quantity":48.2,"timestamp":1772552703080},{"is_buyer_maker":false,"price":9.08,"quantity":81.3,"timestamp":1772552703080},{"is_buyer_maker":false,"price":9.081,"quantity":48.2,"timestamp":1772552703080},{"is_buyer_maker":true,"price":9.08,"quantity":1.3,"timestamp":1772552704133},{"is_buyer_maker":false,"price":9.08,"quantity":6.2,"timestamp":1772552705012},{"is_buyer_maker":false,"price":9.081,"quantity":4.4,"timestamp":1772552705028},{"is_buyer_maker":false,"price":9.082,"quantity":73.6,"timestamp":1772552705028},{"is_buyer_maker":false,"price":9.081,"quantity":4.4,"timestamp":1772552705028},{"is_buyer_maker":false,"price":9.082,"quantity":73.6,"timestamp":1772552705028},{"is_buyer_maker":false,"price":9.081,"quantity":4.4,"timestamp":1772552705028},{"is_buyer_maker":false,"price":9.082,"quantity":73.6,"timestamp":1772552705028},{"is_buyer_maker":false,"price":9.081,"quantity":4.4,"timestamp":1772552705028},{"is_buyer_maker":false,"price":9.082,"quantity":73.6,"timestamp":1772552705028},{"is_buyer_maker":false,"price":9.081,"quantity":4.4,"timestamp":1772552705028},{"is_buyer_maker":false,"price":9.082,"quantity":73.6,"timestamp":1772552705028},{"is_buyer_maker":false,"price":9.081,"quantity":4.4,"timestamp":1772552705028},{"is_buyer_maker":false,"price":9.082,"quantity":73.6,"timestamp":1772552705028},{"is_buyer_maker":false,"price":9.081,"quantity":4.4,"timestamp":1772552705028},{"is_buyer_maker":false,"price":9.082,"quantity":73.6,"timestamp":1772552705028},{"is_buyer_maker":false,"price":9.081,"quantity":4.4,"timestamp":1772552705028},{"is_buyer_maker":false,"price":9.082,"quantity":73.6,"timestamp":1772552705028},{"is_buyer_maker":false,"price":9.081,"quantity":4.4,"timestamp":1772552705028},{"is_buyer_maker":false,"price":9.082,"quantity":73.6,"timestamp":1772552705028},{"is_buyer_maker":false,"price":9.081,"quantity":4.4,"timestamp":1772552705028},{"is_buyer_maker":false,"price":9.082,"quantity":73.6,"timestamp":1772552705028},{"is_buyer_maker":false,"price":9.081,"quantity":4.4,"timestamp":1772552705028},{"is_buyer_maker":false,"price":9.082,"quantity":73.6,"timestamp":1772552705028},{"is_buyer_maker":false,"price":9.081,"quantity":4.4,"timestamp":1772552705028},{"is_buyer_maker":false,"price":9.082,"quantity":73.6,"timestamp":1772552705028},{"is_buyer_maker":false,"price":9.081,"quantity":4.4,"timestamp":1772552705028},{"is_buyer_maker":false,"price":9.082,"quantity":73.6,"timestamp":1772552705028},{"is_buyer_maker":false,"price":9.081,"quantity":4.4,"timestamp":1772552705028},{"is_buyer_maker":false,"price":9.082,"quantity":73.6,"timestamp":1772552705028},{"is_buyer_maker":false,"price":9.081,"quantity":4.4,"timestamp":1772552705028},{"is_buyer_maker":false,"price":9.082,"quantity":73.6,"timestamp":1772552705028},{"is_buyer_maker":false,"price":9.081,"quantity":4.4,"timestamp":1772552705028},{"is_buyer_maker":false,"price":9.082,"quantity":73.6,"timestamp":1772552705028},{"is_buyer_maker":false,"price":9.081,"quantity":4.4,"timestamp":1772552705028},{"is_buyer_maker":false,"price":9.082,"quantity":73.6,"timestamp":1772552705028},{"is_buyer_maker":false,"price":9.082,"quantity":4.9,"timestamp":1772552705034},{"is_buyer_maker":false,"price":9.083,"quantity":6.1,"timestamp":1772552705034},{"is_buyer_maker":false,"price":9.082,"quantity":4.9,"timestamp":1772552705034},{"is_buyer_maker":false,"price":9.083,"quantity":6.1,"timestamp":1772552705034},{"is_buyer_maker":false,"price":9.082,"quantity":4.9,"timestamp":1772552705034},{"is_buyer_maker":false,"price":9.083,"quantity":6.1,"timestamp":1772552705034},{"is_buyer_maker":false,"price":9.082,"quantity":4.9,"timestamp":1772552705034},{"is_buyer_maker":false,"price":9.083,"quantity":6.1,"timestamp":1772552705034},{"is_buyer_maker":false,"price":9.082,"quantity":4.9,"timestamp":1772552705034},{"is_buyer_maker":false,"price":9.083,"quantity":6.1,"timestamp":1772552705034},{"is_buyer_maker":false,"price":9.082,"quantity":4.9,"timestamp":1772552705034},{"is_buyer_maker":false,"price":9.083,"quantity":6.1,"timestamp":1772552705034},{"is_buyer_maker":false,"price":9.082,"quantity":4.9,"timestamp":1772552705034},{"is_buyer_maker":false,"price":9.083,"quantity":6.1,"timestamp":1772552705034},{"is_buyer_maker":false,"price":9.082,"quantity":4.9,"timestamp":1772552705034},{"is_buyer_maker":false,"price":9.083,"quantity":6.1,"timestamp":1772552705034},{"is_buyer_maker":false,"price":9.082,"quantity":4.9,"timestamp":1772552705034},{"is_buyer_maker":false,"price":9.083,"quantity":6.1,"timestamp":1772552705034},{"is_buyer_maker":false,"price":9.082,"quantity":4.9,"timestamp":1772552705034},{"is_buyer_maker":false,"price":9.083,"quantity":6.1,"timestamp":1772552705034},{"is_buyer_maker":false,"price":9.082,"quantity":4.9,"timestamp":1772552705034},{"is_buyer_maker":false,"price":9.083,"quantity":6.1,"timestamp":1772552705034},{"is_buyer_maker":false,"price":9.082,"quantity":4.9,"timestamp":1772552705034},{"is_buyer_maker":false,"price":9.083,"quantity":6.1,"timestamp":1772552705034},{"is_buyer_maker":false,"price":9.082,"quantity":4.9,"timestamp":1772552705034},{"is_buyer_maker":false,"price":9.083,"quantity":6.1,"timestamp":1772552705034},{"is_buyer_maker":false,"price":9.082,"quantity":4.9,"timestamp":1772552705034},{"is_buyer_maker":false,"price":9.083,"quantity":6.1,"timestamp":1772552705034},{"is_buyer_maker":false,"price":9.082,"quantity":4.9,"timestamp":1772552705034},{"is_buyer_maker":false,"price":9.083,"quantity":6.1,"timestamp":1772552705034},{"is_buyer_maker":false,"price":9.082,"quantity":4.9,"timestamp":1772552705034},{"is_buyer_maker":false,"price":9.083,"quantity":6.1,"timestamp":1772552705034},{"is_buyer_maker":false,"price":9.082,"quantity":4.9,"timestamp":1772552705034},{"is_buyer_maker":false,"price":9.083,"quantity":6.1,"timestamp":1772552705034},{"is_buyer_maker":false,"price":9.083,"quantity":0.3,"timestamp":1772552705038},{"is_buyer_maker":false,"price":9.083,"quantity":0.7,"timestamp":1772552705041},{"is_buyer_maker":true,"price":9.083,"quantity":0.1,"timestamp":1772552705648},{"is_buyer_maker":true,"price":9.083,"quantity":0.1,"timestamp":1772552705675},{"is_buyer_maker":true,"price":9.083,"quantity":0.1,"timestamp":1772552705677},{"is_buyer_maker":true,"price":9.083,"quantity":0.9,"timestamp":1772552706096},{"is_buyer_maker":false,"price":9.083,"quantity":1.3,"timestamp":1772552706590},{"is_buyer_maker":true,"price":9.082,"quantity":0.1,"timestamp":1772552706616},{"is_buyer_maker":true,"price":9.082,"quantity":2.3,"timestamp":1772552706781},{"is_buyer_maker":true,"price":9.081,"quantity":2.1,"timestamp":1772552706827},{"is_buyer_maker":true,"price":9.08,"quantity":1.1,"timestamp":1772552706827},{"is_buyer_maker":true,"price":9.079,"quantity":59.2,"timestamp":1772552706827},{"is_buyer_maker":true,"price":9.081,"quantity":2.1,"timestamp":1772552706827},{"is_buyer_maker":true,"price":9.08,"quantity":1.1,"timestamp":1772552706827},{"is_buyer_maker":true,"price":9.079,"quantity":59.2,"timestamp":1772552706827},{"is_buyer_maker":true,"price":9.081,"quantity":2.1,"timestamp":1772552706827},{"is_buyer_maker":true,"price":9.08,"quantity":1.1,"timestamp":1772552706827},{"is_buyer_maker":true,"price":9.079,"quantity":59.2,"timestamp":1772552706827},{"is_buyer_maker":true,"price":9.081,"quantity":2.1,"timestamp":1772552706827},{"is_buyer_maker":true,"price":9.08,"quantity":1.1,"timestamp":1772552706827},{"is_buyer_maker":true,"price":9.079,"quantity":59.2,"timestamp":1772552706827},{"is_buyer_maker":true,"price":9.081,"quantity":2.1,"timestamp":1772552706827},{"is_buyer_maker":true,"price":9.08,"quantity":1.1,"timestamp":1772552706827},{"is_buyer_maker":true,"price":9.079,"quantity":59.2,"timestamp":1772552706827},{"is_buyer_maker":true,"price":9.081,"quantity":2.1,"timestamp":1772552706827},{"is_buyer_maker":true,"price":9.08,"quantity":1.1,"timestamp":1772552706827},{"is_buyer_maker":true,"price":9.079,"quantity":59.2,"timestamp":1772552706827},{"is_buyer_maker":true,"price":9.081,"quantity":2.1,"timestamp":1772552706827},{"is_buyer_maker":true,"price":9.08,"quantity":1.1,"timestamp":1772552706827},{"is_buyer_maker":true,"price":9.079,"quantity":59.2,"timestamp":1772552706827},{"is_buyer_maker":true,"price":9.081,"quantity":2.1,"timestamp":1772552706827},{"is_buyer_maker":true,"price":9.08,"quantity":1.1,"timestamp":1772552706827},{"is_buyer_maker":true,"price":9.079,"quantity":59.2,"timestamp":1772552706827},{"is_buyer_maker":true,"price":9.081,"quantity":2.1,"timestamp":1772552706827},{"is_buyer_maker":true,"price":9.08,"quantity":1.1,"timestamp":1772552706827},{"is_buyer_maker":true,"price":9.079,"quantity":59.2,"timestamp":1772552706827},{"is_buyer_maker":true,"price":9.081,"quantity":2.1,"timestamp":1772552706827},{"is_buyer_maker":true,"price":9.08,"quantity":1.1,"timestamp":1772552706827},{"is_buyer_maker":true,"price":9.079,"quantity":59.2,"timestamp":1772552706827},{"is_buyer_maker":true,"price":9.081,"quantity":2.1,"timestamp":1772552706827},{"is_buyer_maker":true,"price":9.08,"quantity":1.1,"timestamp":1772552706827},{"is_buyer_maker":true,"price":9.079,"quantity":59.2,"timestamp":1772552706827},{"is_buyer_maker":true,"price":9.081,"quantity":2.1,"timestamp":1772552706827},{"is_buyer_maker":true,"price":9.08,"quantity":1.1,"timestamp":1772552706827},{"is_buyer_maker":true,"price":9.079,"quantity":59.2,"timestamp":1772552706827},{"is_buyer_maker":true,"price":9.081,"quantity":2.1,"timestamp":1772552706827},{"is_buyer_maker":true,"price":9.08,"quantity":1.1,"timestamp":1772552706827},{"is_buyer_maker":true,"price":9.079,"quantity":59.2,"timestamp":1772552706827},{"is_buyer_maker":true,"price":9.081,"quantity":2.1,"timestamp":1772552706827},{"is_buyer_maker":true,"price":9.08,"quantity":1.1,"timestamp":1772552706827},{"is_buyer_maker":true,"price":9.079,"quantity":59.2,"timestamp":1772552706827},{"is_buyer_maker":true,"price":9.081,"quantity":2.1,"timestamp":1772552706827},{"is_buyer_maker":true,"price":9.08,"quantity":1.1,"timestamp":1772552706827},{"is_buyer_maker":true,"price":9.079,"quantity":59.2,"timestamp":1772552706827},{"is_buyer_maker":true,"price":9.081,"quantity":2.1,"timestamp":1772552706827},{"is_buyer_maker":true,"price":9.08,"quantity":1.1,"timestamp":1772552706827},{"is_buyer_maker":true,"price":9.079,"quantity":59.2,"timestamp":1772552706827},{"is_buyer_maker":true,"price":9.081,"quantity":2.1,"timestamp":1772552706827},{"is_buyer_maker":true,"price":9.08,"quantity":1.1,"timestamp":1772552706827},{"is_buyer_maker":true,"price":9.079,"quantity":59.2,"timestamp":1772552706827},{"is_buyer_maker":true,"price":9.079,"quantity":1.2,"timestamp":1772552708008},{"is_buyer_maker":true,"price":9.078,"quantity":0.1,"timestamp":1772552709299},{"is_buyer_maker":true,"price":9.078,"quantity":0.1,"timestamp":1772552709956},{"is_buyer_maker":true,"price":9.078,"quantity":4.3,"timestamp":1772552710263},{"is_buyer_maker":true,"price":9.077,"quantity":0.4,"timestamp":1772552710852},{"is_buyer_maker":true,"price":9.077,"quantity":0.1,"timestamp":1772552711038},{"is_buyer_maker":true,"price":9.077,"quantity":0.1,"timestamp":1772552711100},{"is_buyer_maker":true,"price":9.077,"quantity":0.1,"timestamp":1772552711454},{"is_buyer_maker":false,"price":9.078,"quantity":6.5,"timestamp":1772552712189},{"is_buyer_maker":true,"price":9.078,"quantity":0.4,"timestamp":1772552712216},{"is_buyer_maker":true,"price":9.078,"quantity":1.0,"timestamp":1772552712817},{"is_buyer_maker":true,"price":9.078,"quantity":1.0,"timestamp":1772552713139},{"is_buyer_maker":true,"price":9.077,"quantity":0.6,"timestamp":1772552713426},{"is_buyer_maker":true,"price":9.077,"quantity":0.4,"timestamp":1772552713584},{"is_buyer_maker":true,"price":9.077,"quantity":0.2,"timestamp":1772552714636},{"is_buyer_maker":true,"price":9.077,"quantity":1.1,"timestamp":1772552714866},{"is_buyer_maker":true,"price":9.077,"quantity":0.7,"timestamp":1772552715244},{"is_buyer_maker":true,"price":9.077,"quantity":0.1,"timestamp":1772552715494},{"is_buyer_maker":false,"price":9.078,"quantity":87.1,"timestamp":1772552715594},{"is_buyer_maker":false,"price":9.079,"quantity":104.3,"timestamp":1772552715594},{"is_buyer_maker":false,"price":9.079,"quantity":2.1,"timestamp":1772552715594},{"is_buyer_maker":false,"price":9.078,"quantity":87.1,"timestamp":1772552715594},{"is_buyer_maker":false,"price":9.079,"quantity":104.3,"timestamp":1772552715594},{"is_buyer_maker":false,"price":9.079,"quantity":2.1,"timestamp":1772552715594},{"is_buyer_maker":false,"price":9.078,"quantity":87.1,"timestamp":1772552715594},{"is_buyer_maker":false,"price":9.079,"quantity":104.3,"timestamp":1772552715594},{"is_buyer_maker":false,"price":9.079,"quantity":2.1,"timestamp":1772552715594},{"is_buyer_maker":false,"price":9.078,"quantity":87.1,"timestamp":1772552715594},{"is_buyer_maker":false,"price":9.079,"quantity":104.3,"timestamp":1772552715594},{"is_buyer_maker":false,"price":9.079,"quantity":2.1,"timestamp":1772552715594},{"is_buyer_maker":false,"price":9.078,"quantity":87.1,"timestamp":1772552715594},{"is_buyer_maker":false,"price":9.079,"quantity":104.3,"timestamp":1772552715594},{"is_buyer_maker":false,"price":9.079,"quantity":2.1,"timestamp":1772552715594},{"is_buyer_maker":false,"price":9.078,"quantity":87.1,"timestamp":1772552715594},{"is_buyer_maker":false,"price":9.079,"quantity":104.3,"timestamp":1772552715594},{"is_buyer_maker":false,"price":9.079,"quantity":2.1,"timestamp":1772552715594},{"is_buyer_maker":false,"price":9.078,"quantity":87.1,"timestamp":1772552715594},{"is_buyer_maker":false,"price":9.079,"quantity":104.3,"timestamp":1772552715594},{"is_buyer_maker":false,"price":9.079,"quantity":2.1,"timestamp":1772552715594},{"is_buyer_maker":false,"price":9.078,"quantity":87.1,"timestamp":1772552715594},{"is_buyer_maker":false,"price":9.079,"quantity":104.3,"timestamp":1772552715594},{"is_buyer_maker":false,"price":9.079,"quantity":2.1,"timestamp":1772552715594},{"is_buyer_maker":false,"price":9.078,"quantity":87.1,"timestamp":1772552715594},{"is_buyer_maker":false,"price":9.079,"quantity":104.3,"timestamp":1772552715594},{"is_buyer_maker":false,"price":9.079,"quantity":2.1,"timestamp":1772552715594},{"is_buyer_maker":false,"price":9.078,"quantity":87.1,"timestamp":1772552715594},{"is_buyer_maker":false,"price":9.079,"quantity":104.3,"timestamp":1772552715594},{"is_buyer_maker":false,"price":9.079,"quantity":2.1,"timestamp":1772552715594},{"is_buyer_maker":false,"price":9.078,"quantity":87.1,"timestamp":1772552715594},{"is_buyer_maker":false,"price":9.079,"quantity":104.3,"timestamp":1772552715594},{"is_buyer_maker":false,"price":9.079,"quantity":2.1,"timestamp":1772552715594},{"is_buyer_maker":false,"price":9.078,"quantity":87.1,"timestamp":1772552715594},{"is_buyer_maker":false,"price":9.079,"quantity":104.3,"timestamp":1772552715594},{"is_buyer_maker":false,"price":9.079,"quantity":2.1,"timestamp":1772552715594},{"is_buyer_maker":false,"price":9.078,"quantity":87.1,"timestamp":1772552715594},{"is_buyer_maker":false,"price":9.079,"quantity":104.3,"timestamp":1772552715594},{"is_buyer_maker":false,"price":9.079,"quantity":2.1,"timestamp":1772552715594},{"is_buyer_maker":false,"price":9.078,"quantity":87.1,"timestamp":1772552715594},{"is_buyer_maker":false,"price":9.079,"quantity":104.3,"timestamp":1772552715594},{"is_buyer_maker":false,"price":9.079,"quantity":2.1,"timestamp":1772552715594},{"is_buyer_maker":false,"price":9.078,"quantity":87.1,"timestamp":1772552715594},{"is_buyer_maker":false,"price":9.079,"quantity":104.3,"timestamp":1772552715594},{"is_buyer_maker":false,"price":9.079,"quantity":2.1,"timestamp":1772552715594},{"is_buyer_maker":false,"price":9.078,"quantity":87.1,"timestamp":1772552715594},{"is_buyer_maker":false,"price":9.079,"quantity":104.3,"timestamp":1772552715594},{"is_buyer_maker":false,"price":9.079,"quantity":2.1,"timestamp":1772552715594},{"is_buyer_maker":false,"price":9.078,"quantity":87.1,"timestamp":1772552715594},{"is_buyer_maker":false,"price":9.079,"quantity":104.3,"timestamp":1772552715594},{"is_buyer_maker":false,"price":9.079,"quantity":2.1,"timestamp":1772552715594},{"is_buyer_maker":false,"price":9.08,"quantity":34.3,"timestamp":1772552715603},{"is_buyer_maker":false,"price":9.08,"quantity":70.1,"timestamp":1772552715604},{"is_buyer_maker":false,"price":9.08,"quantity":289.0,"timestamp":1772552715604},{"is_buyer_maker":false,"price":9.08,"quantity":70.1,"timestamp":1772552715604},{"is_buyer_maker":false,"price":9.08,"quantity":289.0,"timestamp":1772552715604},{"is_buyer_maker":false,"price":9.08,"quantity":70.1,"timestamp":1772552715604},{"is_buyer_maker":false,"price":9.08,"quantity":289.0,"timestamp":1772552715604},{"is_buyer_maker":false,"price":9.08,"quantity":70.1,"timestamp":1772552715604},{"is_buyer_maker":false,"price":9.08,"quantity":289.0,"timestamp":1772552715604},{"is_buyer_maker":false,"price":9.08,"quantity":70.1,"timestamp":1772552715604},{"is_buyer_maker":false,"price":9.08,"quantity":289.0,"timestamp":1772552715604},{"is_buyer_maker":false,"price":9.08,"quantity":70.1,"timestamp":1772552715604},{"is_buyer_maker":false,"price":9.08,"quantity":289.0,"timestamp":1772552715604},{"is_buyer_maker":false,"price":9.08,"quantity":70.1,"timestamp":1772552715604},{"is_buyer_maker":false,"price":9.08,"quantity":289.0,"timestamp":1772552715604},{"is_buyer_maker":false,"price":9.08,"quantity":70.1,"timestamp":1772552715604},{"is_buyer_maker":false,"price":9.08,"quantity":289.0,"timestamp":1772552715604},{"is_buyer_maker":false,"price":9.08,"quantity":70.1,"timestamp":1772552715604},{"is_buyer_maker":false,"price":9.08,"quantity":289.0,"timestamp":1772552715604},{"is_buyer_maker":false,"price":9.08,"quantity":70.1,"timestamp":1772552715604},{"is_buyer_maker":false,"price":9.08,"quantity":289.0,"timestamp":1772552715604},{"is_buyer_maker":false,"price":9.08,"quantity":70.1,"timestamp":1772552715604},{"is_buyer_maker":false,"price":9.08,"quantity":289.0,"timestamp":1772552715604},{"is_buyer_maker":false,"price":9.08,"quantity":70.1,"timestamp":1772552715604},{"is_buyer_maker":false,"price":9.08,"quantity":289.0,"timestamp":1772552715604},{"is_buyer_maker":false,"price":9.08,"quantity":70.1,"timestamp":1772552715604},{"is_buyer_maker":false,"price":9.08,"quantity":289.0,"timestamp":1772552715604},{"is_buyer_maker":false,"price":9.08,"quantity":70.1,"timestamp":1772552715604},{"is_buyer_maker":false,"price":9.08,"quantity":289.0,"timestamp":1772552715604},{"is_buyer_maker":false,"price":9.08,"quantity":70.1,"timestamp":1772552715604},{"is_buyer_maker":false,"price":9.08,"quantity":289.0,"timestamp":1772552715604},{"is_buyer_maker":false,"price":9.08,"quantity":70.1,"timestamp":1772552715604},{"is_buyer_maker":false,"price":9.08,"quantity":289.0,"timestamp":1772552715604},{"is_buyer_maker":false,"price":9.08,"quantity":70.1,"timestamp":1772552715604},{"is_buyer_maker":false,"price":9.08,"quantity":289.0,"timestamp":1772552715604},{"is_buyer_maker":false,"price":9.081,"quantity":137.6,"timestamp":1772552715606},{"is_buyer_maker":false,"price":9.082,"quantity":114.0,"timestamp":1772552715759},{"is_buyer_maker":false,"price":9.083,"quantity":72.5,"timestamp":1772552715759},{"is_buyer_maker":false,"price":9.082,"quantity":114.0,"timestamp":1772552715759},{"is_buyer_maker":false,"price":9.083,"quantity":72.5,"timestamp":1772552715759},{"is_buyer_maker":false,"price":9.082,"quantity":114.0,"timestamp":1772552715759},{"is_buyer_maker":false,"price":9.083,"quantity":72.5,"timestamp":1772552715759},{"is_buyer_maker":false,"price":9.082,"quantity":114.0,"timestamp":1772552715759},{"is_buyer_maker":false,"price":9.083,"quantity":72.5,"timestamp":1772552715759},{"is_buyer_maker":false,"price":9.082,"quantity":114.0,"timestamp":1772552715759},{"is_buyer_maker":false,"price":9.083,"quantity":72.5,"timestamp":1772552715759},{"is_buyer_maker":false,"price":9.082,"quantity":114.0,"timestamp":1772552715759},{"is_buyer_maker":false,"price":9.083,"quantity":72.5,"timestamp":1772552715759},{"is_buyer_maker":false,"price":9.082,"quantity":114.0,"timestamp":1772552715759},{"is_buyer_maker":false,"price":9.083,"quantity":72.5,"timestamp":1772552715759},{"is_buyer_maker":false,"price":9.082,"quantity":114.0,"timestamp":1772552715759},{"is_buyer_maker":false,"price":9.083,"quantity":72.5,"timestamp":1772552715759},{"is_buyer_maker":false,"price":9.082,"quantity":114.0,"timestamp":1772552715759},{"is_buyer_maker":false,"price":9.083,"quantity":72.5,"timestamp":1772552715759},{"is_buyer_maker":false,"price":9.082,"quantity":114.0,"timestamp":1772552715759},{"is_buyer_maker":false,"price":9.083,"quantity":72.5,"timestamp":1772552715759},{"is_buyer_maker":false,"price":9.082,"quantity":114.0,"timestamp":1772552715759},{"is_buyer_maker":false,"price":9.083,"quantity":72.5,"timestamp":1772552715759},{"is_buyer_maker":false,"price":9.082,"quantity":114.0,"timestamp":1772552715759},{"is_buyer_maker":false,"price":9.083,"quantity":72.5,"timestamp":1772552715759},{"is_buyer_maker":false,"price":9.082,"quantity":114.0,"timestamp":1772552715759},{"is_buyer_maker":false,"price":9.083,"quantity":72.5,"timestamp":1772552715759},{"is_buyer_maker":false,"price":9.082,"quantity":114.0,"timestamp":1772552715759},{"is_buyer_maker":false,"price":9.083,"quantity":72.5,"timestamp":1772552715759},{"is_buyer_maker":false,"price":9.082,"quantity":114.0,"timestamp":1772552715759},{"is_buyer_maker":false,"price":9.083,"quantity":72.5,"timestamp":1772552715759},{"is_buyer_maker":false,"price":9.082,"quantity":114.0,"timestamp":1772552715759},{"is_buyer_maker":false,"price":9.083,"quantity":72.5,"timestamp":1772552715759},{"is_buyer_maker":false,"price":9.082,"quantity":114.0,"timestamp":1772552715759},{"is_buyer_maker":false,"price":9.083,"quantity":72.5,"timestamp":1772552715759},{"is_buyer_maker":true,"price":9.082,"quantity":1.2,"timestamp":1772552716257},{"is_buyer_maker":true,"price":9.081,"quantity":1.2,"timestamp":1772552718118},{"is_buyer_maker":true,"price":9.08,"quantity":0.1,"timestamp":1772552719703},{"is_buyer_maker":true,"price":9.08,"quantity":0.1,"timestamp":1772552720462},{"is_buyer_maker":true,"price":9.08,"quantity":0.1,"timestamp":1772552720710},{"is_buyer_maker":true,"price":9.08,"quantity":0.1,"timestamp":1772552721104},{"is_buyer_maker":true,"price":9.08,"quantity":0.6,"timestamp":1772552721180},{"is_buyer_maker":false,"price":9.081,"quantity":0.4,"timestamp":1772552722130},{"is_buyer_maker":true,"price":9.08,"quantity":0.4,"timestamp":1772552722323},{"is_buyer_maker":true,"price":9.08,"quantity":0.1,"timestamp":1772552722931},{"is_buyer_maker":true,"price":9.08,"quantity":0.1,"timestamp":1772552723469},{"is_buyer_maker":false,"price":9.081,"quantity":3.1,"timestamp":1772552723533},{"is_buyer_maker":true,"price":9.08,"quantity":1.0,"timestamp":1772552723559},{"is_buyer_maker":true,"price":9.08,"quantity":0.1,"timestamp":1772552723708},{"is_buyer_maker":true,"price":9.08,"quantity":0.9,"timestamp":1772552724101},{"is_buyer_maker":true,"price":9.08,"quantity":0.1,"timestamp":1772552724433},{"is_buyer_maker":true,"price":9.08,"quantity":0.2,"timestamp":1772552724919},{"is_buyer_maker":true,"price":9.08,"quantity":0.9,"timestamp":1772552725460},{"is_buyer_maker":true,"price":9.08,"quantity":0.2,"timestamp":1772552725504},{"is_buyer_maker":true,"price":9.08,"quantity":0.2,"timestamp":1772552726426},{"is_buyer_maker":true,"price":9.08,"quantity":0.5,"timestamp":1772552726486},{"is_buyer_maker":true,"price":9.08,"quantity":0.5,"timestamp":1772552726488},{"is_buyer_maker":true,"price":9.079,"quantity":1.4,"timestamp":1772552727079},{"is_buyer_maker":true,"price":9.078,"quantity":0.5,"timestamp":1772552727283},{"is_buyer_maker":true,"price":9.078,"quantity":0.1,"timestamp":1772552727319},{"is_buyer_maker":true,"price":9.078,"quantity":0.1,"timestamp":1772552727680},{"is_buyer_maker":true,"price":9.078,"quantity":0.6,"timestamp":1772552727770},{"is_buyer_maker":false,"price":9.079,"quantity":9.8,"timestamp":1772552728207},{"is_buyer_maker":false,"price":9.08,"quantity":6.4,"timestamp":1772552728972},{"is_buyer_maker":false,"price":9.081,"quantity":1.4,"timestamp":1772552728976},{"is_buyer_maker":false,"price":9.081,"quantity":1.0,"timestamp":1772552728979},{"is_buyer_maker":false,"price":9.082,"quantity":142.3,"timestamp":1772552729592},{"is_buyer_maker":false,"price":9.083,"quantity":6.1,"timestamp":1772552729969},{"is_buyer_maker":false,"price":9.084,"quantity":1.3,"timestamp":1772552729971},{"is_buyer_maker":false,"price":9.085,"quantity":1.4,"timestamp":1772552730213},{"is_buyer_maker":false,"price":9.086,"quantity":2.6,"timestamp":1772552730226},{"is_buyer_maker":false,"price":9.087,"quantity":3.8,"timestamp":1772552731257},{"is_buyer_maker":false,"price":9.088,"quantity":1.2,"timestamp":1772552731260},{"is_buyer_maker":false,"price":9.089,"quantity":55.3,"timestamp":1772552731261},{"is_buyer_maker":true,"price":9.089,"quantity":0.1,"timestamp":1772552731831},{"is_buyer_maker":true,"price":9.089,"quantity":102.0,"timestamp":1772552732402},{"is_buyer_maker":true,"price":9.088,"quantity":1.4,"timestamp":1772552733127},{"is_buyer_maker":true,"price":9.087,"quantity":1.3,"timestamp":1772552733129},{"is_buyer_maker":true,"price":9.086,"quantity":1.2,"timestamp":1772552734141},{"is_buyer_maker":true,"price":9.085,"quantity":1.2,"timestamp":1772552734491},{"is_buyer_maker":false,"price":9.085,"quantity":35.8,"timestamp":1772552735739},{"is_buyer_maker":true,"price":9.084,"quantity":1.4,"timestamp":1772552735755},{"is_buyer_maker":true,"price":9.083,"quantity":1.1,"timestamp":1772552735818},{"is_buyer_maker":false,"price":9.083,"quantity":46.7,"timestamp":1772552737384},{"is_buyer_maker":false,"price":9.084,"quantity":1.3,"timestamp":1772552737391},{"is_buyer_maker":false,"price":9.085,"quantity":7.8,"timestamp":1772552738361},{"is_buyer_maker":false,"price":9.086,"quantity":1.3,"timestamp":1772552738420},{"is_buyer_maker":false,"price":9.087,"quantity":6.7,"timestamp":1772552738804},{"is_buyer_maker":false,"price":9.088,"quantity":1.2,"timestamp":1772552738811},{"is_buyer_maker":true,"price":9.088,"quantity":9.4,"timestamp":1772552740091},{"is_buyer_maker":false,"price":9.089,"quantity":4.2,"timestamp":1772552740368},{"is_buyer_maker":true,"price":9.089,"quantity":29.8,"timestamp":1772552740418},{"is_buyer_maker":false,"price":9.09,"quantity":6.0,"timestamp":1772552741448},{"is_buyer_maker":true,"price":9.09,"quantity":200.0,"timestamp":1772552741658},{"is_buyer_maker":true,"price":9.09,"quantity":185.9,"timestamp":1772552743025},{"is_buyer_maker":true,"price":9.089,"quantity":1.0,"timestamp":1772552743242},{"is_buyer_maker":false,"price":9.089,"quantity":168.5,"timestamp":1772552743259},{"is_buyer_maker":false,"price":9.089,"quantity":12.6,"timestamp":1772552744987},{"is_buyer_maker":false,"price":9.089,"quantity":5.7,"timestamp":1772552745450},{"is_buyer_maker":false,"price":9.09,"quantity":1.3,"timestamp":1772552745453},{"is_buyer_maker":false,"price":9.091,"quantity":66.0,"timestamp":1772552749202},{"is_buyer_maker":false,"price":9.091,"quantity":45.3,"timestamp":1772552751762},{"is_buyer_maker":false,"price":9.092,"quantity":8.8,"timestamp":1772552753364},{"is_buyer_maker":true,"price":9.092,"quantity":0.1,"timestamp":1772552753977},{"is_buyer_maker":false,"price":9.093,"quantity":37.2,"timestamp":1772552757282},{"is_buyer_maker":true,"price":9.092,"quantity":26.6,"timestamp":1772552757347},{"is_buyer_maker":true,"price":9.092,"quantity":24.9,"timestamp":1772552757349},{"is_buyer_maker":false,"price":9.092,"quantity":1.1,"timestamp":1772552760513},{"is_buyer_maker":false,"price":9.092,"quantity":80.7,"timestamp":1772552760561},{"is_buyer_maker":false,"price":9.092,"quantity":96.5,"timestamp":1772552760562},{"is_buyer_maker":true,"price":9.092,"quantity":0.4,"timestamp":1772552760656},{"is_buyer_maker":true,"price":9.092,"quantity":2.6,"timestamp":1772552762323},{"is_buyer_maker":true,"price":9.092,"quantity":0.6,"timestamp":1772552762343},{"is_buyer_maker":true,"price":9.092,"quantity":0.7,"timestamp":1772552762393},{"is_buyer_maker":true,"price":9.092,"quantity":0.7,"timestamp":1772552763303},{"is_buyer_maker":false,"price":9.093,"quantity":10.5,"timestamp":1772552763311},{"is_buyer_maker":false,"price":9.094,"quantity":5.8,"timestamp":1772552763319},{"is_buyer_maker":false,"price":9.095,"quantity":1.3,"timestamp":1772552763339},{"is_buyer_maker":false,"price":9.096,"quantity":28.9,"timestamp":1772552763666},{"is_buyer_maker":false,"price":9.097,"quantity":1.3,"timestamp":1772552763668},{"is_buyer_maker":false,"price":9.098,"quantity":18.6,"timestamp":1772552764638},{"is_buyer_maker":false,"price":9.099,"quantity":1.1,"timestamp":1772552764644},{"is_buyer_maker":true,"price":9.099,"quantity":588.4,"timestamp":1772552764795},{"is_buyer_maker":true,"price":9.099,"quantity":5.4,"timestamp":1772552764799},{"is_buyer_maker":true,"price":9.099,"quantity":1.1,"timestamp":1772552764802},{"is_buyer_maker":true,"price":9.099,"quantity":1.0,"timestamp":1772552764824},{"is_buyer_maker":true,"price":9.098,"quantity":19.5,"timestamp":1772552765700},{"is_buyer_maker":true,"price":9.097,"quantity":1.2,"timestamp":1772552765702},{"is_buyer_maker":false,"price":9.097,"quantity":50.9,"timestamp":1772552766977},{"is_buyer_maker":false,"price":9.098,"quantity":1.1,"timestamp":1772552766981},{"is_buyer_maker":false,"price":9.099,"quantity":8.1,"timestamp":1772552767213},{"is_buyer_maker":false,"price":9.1,"quantity":3.8,"timestamp":1772552767905},{"is_buyer_maker":false,"price":9.101,"quantity":1.3,"timestamp":1772552767911},{"is_buyer_maker":true,"price":9.101,"quantity":44.7,"timestamp":1772552768227},{"is_buyer_maker":true,"price":9.1,"quantity":2.5,"timestamp":1772552768313},{"is_buyer_maker":true,"price":9.099,"quantity":1.0,"timestamp":1772552768372},{"is_buyer_maker":false,"price":9.099,"quantity":458.2,"timestamp":1772552768376},{"is_buyer_maker":true,"price":9.098,"quantity":1.3,"timestamp":1772552769462},{"is_buyer_maker":false,"price":9.098,"quantity":1.1,"timestamp":1772552769776},{"is_buyer_maker":false,"price":9.098,"quantity":0.5,"timestamp":1772552769780},{"is_buyer_maker":false,"price":9.098,"quantity":0.9,"timestamp":1772552769785},{"is_buyer_maker":false,"price":9.099,"quantity":6.6,"timestamp":1772552770672},{"is_buyer_maker":true,"price":9.098,"quantity":2.5,"timestamp":1772552770918},{"is_buyer_maker":true,"price":9.097,"quantity":1.3,"timestamp":1772552771002},{"is_buyer_maker":true,"price":9.096,"quantity":1.4,"timestamp":1772552771283},{"is_buyer_maker":false,"price":9.096,"quantity":423.7,"timestamp":1772552771612},{"is_buyer_maker":true,"price":9.096,"quantity":1.2,"timestamp":1772552772161},{"is_buyer_maker":false,"price":9.096,"quantity":8.2,"timestamp":1772552774461},{"is_buyer_maker":false,"price":9.097,"quantity":2.2,"timestamp":1772552774472},{"is_buyer_maker":false,"price":9.098,"quantity":79.4,"timestamp":1772552774478},{"is_buyer_maker":false,"price":9.099,"quantity":1.2,"timestamp":1772552774481},{"is_buyer_maker":false,"price":9.1,"quantity":2.4,"timestamp":1772552775396},{"is_buyer_maker":false,"price":9.101,"quantity":1.3,"timestamp":1772552775399},{"is_buyer_maker":false,"price":9.102,"quantity":8.3,"timestamp":1772552776032},{"is_buyer_maker":false,"price":9.103,"quantity":8.9,"timestamp":1772552776142},{"is_buyer_maker":false,"price":9.104,"quantity":0.1,"timestamp":1772552776202},{"is_buyer_maker":false,"price":9.104,"quantity":22.2,"timestamp":1772552776825},{"is_buyer_maker":false,"price":9.105,"quantity":1.4,"timestamp":1772552776833},{"is_buyer_maker":false,"price":9.105,"quantity":1.0,"timestamp":1772552776844},{"is_buyer_maker":false,"price":9.106,"quantity":4.3,"timestamp":1772552777277},{"is_buyer_maker":false,"price":9.107,"quantity":1.2,"timestamp":1772552777282},{"is_buyer_maker":false,"price":9.108,"quantity":105.3,"timestamp":1772552777489},{"is_buyer_maker":false,"price":9.109,"quantity":1.3,"timestamp":1772552777494},{"is_buyer_maker":true,"price":9.109,"quantity":1.2,"timestamp":1772552778178},{"is_buyer_maker":true,"price":9.108,"quantity":1.3,"timestamp":1772552778325},{"is_buyer_maker":true,"price":9.107,"quantity":1.2,"timestamp":1772552778370},{"is_buyer_maker":false,"price":9.107,"quantity":91.4,"timestamp":1772552778842},{"is_buyer_maker":false,"price":9.107,"quantity":34.4,"timestamp":1772552778843},{"is_buyer_maker":false,"price":9.107,"quantity":46.0,"timestamp":1772552778843},{"is_buyer_maker":false,"price":9.107,"quantity":85.1,"timestamp":1772552778843},{"is_buyer_maker":false,"price":9.107,"quantity":34.4,"timestamp":1772552778843},{"is_buyer_maker":false,"price":9.107,"quantity":46.0,"timestamp":1772552778843},{"is_buyer_maker":false,"price":9.107,"quantity":85.1,"timestamp":1772552778843},{"is_buyer_maker":false,"price":9.107,"quantity":34.4,"timestamp":1772552778843},{"is_buyer_maker":false,"price":9.107,"quantity":46.0,"timestamp":1772552778843},{"is_buyer_maker":false,"price":9.107,"quantity":85.1,"timestamp":1772552778843},{"is_buyer_maker":false,"price":9.107,"quantity":34.4,"timestamp":1772552778843},{"is_buyer_maker":false,"price":9.107,"quantity":46.0,"timestamp":1772552778843},{"is_buyer_maker":false,"price":9.107,"quantity":85.1,"timestamp":1772552778843},{"is_buyer_maker":false,"price":9.107,"quantity":34.4,"timestamp":1772552778843},{"is_buyer_maker":false,"price":9.107,"quantity":46.0,"timestamp":1772552778843},{"is_buyer_maker":false,"price":9.107,"quantity":85.1,"timestamp":1772552778843},{"is_buyer_maker":false,"price":9.107,"quantity":34.4,"timestamp":1772552778843},{"is_buyer_maker":false,"price":9.107,"quantity":46.0,"timestamp":1772552778843},{"is_buyer_maker":false,"price":9.107,"quantity":85.1,"timestamp":1772552778843},{"is_buyer_maker":false,"price":9.107,"quantity":34.4,"timestamp":1772552778843},{"is_buyer_maker":false,"price":9.107,"quantity":46.0,"timestamp":1772552778843},{"is_buyer_maker":false,"price":9.107,"quantity":85.1,"timestamp":1772552778843},{"is_buyer_maker":false,"price":9.107,"quantity":34.4,"timestamp":1772552778843},{"is_buyer_maker":false,"price":9.107,"quantity":46.0,"timestamp":1772552778843},{"is_buyer_maker":false,"price":9.107,"quantity":85.1,"timestamp":1772552778843},{"is_buyer_maker":false,"price":9.107,"quantity":34.4,"timestamp":1772552778843},{"is_buyer_maker":false,"price":9.107,"quantity":46.0,"timestamp":1772552778843},{"is_buyer_maker":false,"price":9.107,"quantity":85.1,"timestamp":1772552778843},{"is_buyer_maker":false,"price":9.107,"quantity":34.4,"timestamp":1772552778843},{"is_buyer_maker":false,"price":9.107,"quantity":46.0,"timestamp":1772552778843},{"is_buyer_maker":false,"price":9.107,"quantity":85.1,"timestamp":1772552778843},{"is_buyer_maker":false,"price":9.107,"quantity":34.4,"timestamp":1772552778843},{"is_buyer_maker":false,"price":9.107,"quantity":46.0,"timestamp":1772552778843},{"is_buyer_maker":false,"price":9.107,"quantity":85.1,"timestamp":1772552778843},{"is_buyer_maker":false,"price":9.107,"quantity":34.4,"timestamp":1772552778843},{"is_buyer_maker":false,"price":9.107,"quantity":46.0,"timestamp":1772552778843},{"is_buyer_maker":false,"price":9.107,"quantity":85.1,"timestamp":1772552778843},{"is_buyer_maker":false,"price":9.107,"quantity":34.4,"timestamp":1772552778843},{"is_buyer_maker":false,"price":9.107,"quantity":46.0,"timestamp":1772552778843},{"is_buyer_maker":false,"price":9.107,"quantity":85.1,"timestamp":1772552778843},{"is_buyer_maker":false,"price":9.107,"quantity":34.4,"timestamp":1772552778843},{"is_buyer_maker":false,"price":9.107,"quantity":46.0,"timestamp":1772552778843},{"is_buyer_maker":false,"price":9.107,"quantity":85.1,"timestamp":1772552778843},{"is_buyer_maker":false,"price":9.107,"quantity":34.4,"timestamp":1772552778843},{"is_buyer_maker":false,"price":9.107,"quantity":46.0,"timestamp":1772552778843},{"is_buyer_maker":false,"price":9.107,"quantity":85.1,"timestamp":1772552778843},{"is_buyer_maker":false,"price":9.108,"quantity":1.2,"timestamp":1772552778852},{"is_buyer_maker":false,"price":9.109,"quantity":8.4,"timestamp":1772552778905},{"is_buyer_maker":false,"price":9.109,"quantity":101.8,"timestamp":1772552778905},{"is_buyer_maker":false,"price":9.109,"quantity":8.4,"timestamp":1772552778905},{"is_buyer_maker":false,"price":9.109,"quantity":101.8,"timestamp":1772552778905},{"is_buyer_maker":false,"price":9.109,"quantity":8.4,"timestamp":1772552778905},{"is_buyer_maker":false,"price":9.109,"quantity":101.8,"timestamp":1772552778905},{"is_buyer_maker":false,"price":9.109,"quantity":8.4,"timestamp":1772552778905},{"is_buyer_maker":false,"price":9.109,"quantity":101.8,"timestamp":1772552778905},{"is_buyer_maker":false,"price":9.109,"quantity":8.4,"timestamp":1772552778905},{"is_buyer_maker":false,"price":9.109,"quantity":101.8,"timestamp":1772552778905},{"is_buyer_maker":false,"price":9.109,"quantity":8.4,"timestamp":1772552778905},{"is_buyer_maker":false,"price":9.109,"quantity":101.8,"timestamp":1772552778905},{"is_buyer_maker":false,"price":9.109,"quantity":8.4,"timestamp":1772552778905},{"is_buyer_maker":false,"price":9.109,"quantity":101.8,"timestamp":1772552778905},{"is_buyer_maker":false,"price":9.109,"quantity":8.4,"timestamp":1772552778905},{"is_buyer_maker":false,"price":9.109,"quantity":101.8,"timestamp":1772552778905},{"is_buyer_maker":false,"price":9.109,"quantity":8.4,"timestamp":1772552778905},{"is_buyer_maker":false,"price":9.109,"quantity":101.8,"timestamp":1772552778905},{"is_buyer_maker":false,"price":9.109,"quantity":8.4,"timestamp":1772552778905},{"is_buyer_maker":false,"price":9.109,"quantity":101.8,"timestamp":1772552778905},{"is_buyer_maker":false,"price":9.109,"quantity":8.4,"timestamp":1772552778905},{"is_buyer_maker":false,"price":9.109,"quantity":101.8,"timestamp":1772552778905},{"is_buyer_maker":false,"price":9.109,"quantity":8.4,"timestamp":1772552778905},{"is_buyer_maker":false,"price":9.109,"quantity":101.8,"timestamp":1772552778905},{"is_buyer_maker":false,"price":9.109,"quantity":8.4,"timestamp":1772552778905},{"is_buyer_maker":false,"price":9.109,"quantity":101.8,"timestamp":1772552778905},{"is_buyer_maker":false,"price":9.109,"quantity":8.4,"timestamp":1772552778905},{"is_buyer_maker":false,"price":9.109,"quantity":101.8,"timestamp":1772552778905},{"is_buyer_maker":false,"price":9.109,"quantity":8.4,"timestamp":1772552778905},{"is_buyer_maker":false,"price":9.109,"quantity":101.8,"timestamp":1772552778905},{"is_buyer_maker":false,"price":9.11,"quantity":1.3,"timestamp":1772552778911},{"is_buyer_maker":false,"price":9.111,"quantity":12.4,"timestamp":1772552779446},{"is_buyer_maker":false,"price":9.112,"quantity":1.4,"timestamp":1772552779528},{"is_buyer_maker":false,"price":9.113,"quantity":1.3,"timestamp":1772552779535},{"is_buyer_maker":true,"price":9.113,"quantity":2.5,"timestamp":1772552781277},{"is_buyer_maker":true,"price":9.112,"quantity":1.0,"timestamp":1772552781398},{"is_buyer_maker":true,"price":9.111,"quantity":51.1,"timestamp":1772552781398},{"is_buyer_maker":true,"price":9.11,"quantity":97.6,"timestamp":1772552781398},{"is_buyer_maker":true,"price":9.109,"quantity":225.3,"timestamp":1772552781398},{"is_buyer_maker":true,"price":9.112,"quantity":1.0,"timestamp":1772552781398},{"is_buyer_maker":true,"price":9.111,"quantity":51.1,"timestamp":1772552781398},{"is_buyer_maker":true,"price":9.11,"quantity":97.6,"timestamp":1772552781398},{"is_buyer_maker":true,"price":9.109,"quantity":225.3,"timestamp":1772552781398},{"is_buyer_maker":true,"price":9.112,"quantity":1.0,"timestamp":1772552781398},{"is_buyer_maker":true,"price":9.111,"quantity":51.1,"timestamp":1772552781398},{"is_buyer_maker":true,"price":9.11,"quantity":97.6,"timestamp":1772552781398},{"is_buyer_maker":true,"price":9.109,"quantity":225.3,"timestamp":1772552781398},{"is_buyer_maker":true,"price":9.112,"quantity":1.0,"timestamp":1772552781398},{"is_buyer_maker":true,"price":9.111,"quantity":51.1,"timestamp":1772552781398},{"is_buyer_maker":true,"price":9.11,"quantity":97.6,"timestamp":1772552781398},{"is_buyer_maker":true,"price":9.109,"quantity":225.3,"timestamp":1772552781398},{"is_buyer_maker":true,"price":9.112,"quantity":1.0,"timestamp":1772552781398},{"is_buyer_maker":true,"price":9.111,"quantity":51.1,"timestamp":1772552781398},{"is_buyer_maker":true,"price":9.11,"quantity":97.6,"timestamp":1772552781398},{"is_buyer_maker":true,"price":9.109,"quantity":225.3,"timestamp":1772552781398},{"is_buyer_maker":true,"price":9.112,"quantity":1.0,"timestamp":1772552781398},{"is_buyer_maker":true,"price":9.111,"quantity":51.1,"timestamp":1772552781398},{"is_buyer_maker":true,"price":9.11,"quantity":97.6,"timestamp":1772552781398},{"is_buyer_maker":true,"price":9.109,"quantity":225.3,"timestamp":1772552781398},{"is_buyer_maker":true,"price":9.112,"quantity":1.0,"timestamp":1772552781398},{"is_buyer_maker":true,"price":9.111,"quantity":51.1,"timestamp":1772552781398},{"is_buyer_maker":true,"price":9.11,"quantity":97.6,"timestamp":1772552781398},{"is_buyer_maker":true,"price":9.109,"quantity":225.3,"timestamp":1772552781398},{"is_buyer_maker":true,"price":9.112,"quantity":1.0,"timestamp":1772552781398},{"is_buyer_maker":true,"price":9.111,"quantity":51.1,"timestamp":1772552781398},{"is_buyer_maker":true,"price":9.11,"quantity":97.6,"timestamp":1772552781398},{"is_buyer_maker":true,"price":9.109,"quantity":225.3,"timestamp":1772552781398},{"is_buyer_maker":true,"price":9.112,"quantity":1.0,"timestamp":1772552781398},{"is_buyer_maker":true,"price":9.111,"quantity":51.1,"timestamp":1772552781398},{"is_buyer_maker":true,"price":9.11,"quantity":97.6,"timestamp":1772552781398},{"is_buyer_maker":true,"price":9.109,"quantity":225.3,"timestamp":1772552781398},{"is_buyer_maker":true,"price":9.112,"quantity":1.0,"timestamp":1772552781398},{"is_buyer_maker":true,"price":9.111,"quantity":51.1,"timestamp":1772552781398},{"is_buyer_maker":true,"price":9.11,"quantity":97.6,"timestamp":1772552781398},{"is_buyer_maker":true,"price":9.109,"quantity":225.3,"timestamp":1772552781398},{"is_buyer_maker":true,"price":9.112,"quantity":1.0,"timestamp":1772552781398},{"is_buyer_maker":true,"price":9.111,"quantity":51.1,"timestamp":1772552781398},{"is_buyer_maker":true,"price":9.11,"quantity":97.6,"timestamp":1772552781398},{"is_buyer_maker":true,"price":9.109,"quantity":225.3,"timestamp":1772552781398},{"is_buyer_maker":true,"price":9.112,"quantity":1.0,"timestamp":1772552781398},{"is_buyer_maker":true,"price":9.111,"quantity":51.1,"timestamp":1772552781398},{"is_buyer_maker":true,"price":9.11,"quantity":97.6,"timestamp":1772552781398},{"is_buyer_maker":true,"price":9.109,"quantity":225.3,"timestamp":1772552781398},{"is_buyer_maker":true,"price":9.112,"quantity":1.0,"timestamp":1772552781398},{"is_buyer_maker":true,"price":9.111,"quantity":51.1,"timestamp":1772552781398},{"is_buyer_maker":true,"price":9.11,"quantity":97.6,"timestamp":1772552781398},{"is_buyer_maker":true,"price":9.109,"quantity":225.3,"timestamp":1772552781398},{"is_buyer_maker":true,"price":9.112,"quantity":1.0,"timestamp":1772552781398},{"is_buyer_maker":true,"price":9.111,"quantity":51.1,"timestamp":1772552781398},{"is_buyer_maker":true,"price":9.11,"quantity":97.6,"timestamp":1772552781398},{"is_buyer_maker":true,"price":9.109,"quantity":225.3,"timestamp":1772552781398},{"is_buyer_maker":true,"price":9.112,"quantity":1.0,"timestamp":1772552781398},{"is_buyer_maker":true,"price":9.111,"quantity":51.1,"timestamp":1772552781398},{"is_buyer_maker":true,"price":9.11,"quantity":97.6,"timestamp":1772552781398},{"is_buyer_maker":true,"price":9.109,"quantity":225.3,"timestamp":1772552781398},{"is_buyer_maker":true,"price":9.108,"quantity":80.0,"timestamp":1772552781414},{"is_buyer_maker":true,"price":9.107,"quantity":21.9,"timestamp":1772552781414},{"is_buyer_maker":true,"price":9.108,"quantity":80.0,"timestamp":1772552781414},{"is_buyer_maker":true,"price":9.107,"quantity":21.9,"timestamp":1772552781414},{"is_buyer_maker":true,"price":9.108,"quantity":80.0,"timestamp":1772552781414},{"is_buyer_maker":true,"price":9.107,"quantity":21.9,"timestamp":1772552781414},{"is_buyer_maker":true,"price":9.108,"quantity":80.0,"timestamp":1772552781414},{"is_buyer_maker":true,"price":9.107,"quantity":21.9,"timestamp":1772552781414},{"is_buyer_maker":true,"price":9.108,"quantity":80.0,"timestamp":1772552781414},{"is_buyer_maker":true,"price":9.107,"quantity":21.9,"timestamp":1772552781414},{"is_buyer_maker":true,"price":9.108,"quantity":80.0,"timestamp":1772552781414},{"is_buyer_maker":true,"price":9.107,"quantity":21.9,"timestamp":1772552781414},{"is_buyer_maker":true,"price":9.108,"quantity":80.0,"timestamp":1772552781414},{"is_buyer_maker":true,"price":9.107,"quantity":21.9,"timestamp":1772552781414},{"is_buyer_maker":true,"price":9.108,"quantity":80.0,"timestamp":1772552781414},{"is_buyer_maker":true,"price":9.107,"quantity":21.9,"timestamp":1772552781414},{"is_buyer_maker":true,"price":9.108,"quantity":80.0,"timestamp":1772552781414},{"is_buyer_maker":true,"price":9.107,"quantity":21.9,"timestamp":1772552781414},{"is_buyer_maker":true,"price":9.108,"quantity":80.0,"timestamp":1772552781414},{"is_buyer_maker":true,"price":9.107,"quantity":21.9,"timestamp":1772552781414},{"is_buyer_maker":true,"price":9.108,"quantity":80.0,"timestamp":1772552781414},{"is_buyer_maker":true,"price":9.107,"quantity":21.9,"timestamp":1772552781414},{"is_buyer_maker":true,"price":9.108,"quantity":80.0,"timestamp":1772552781414},{"is_buyer_maker":true,"price":9.107,"quantity":21.9,"timestamp":1772552781414},{"is_buyer_maker":true,"price":9.108,"quantity":80.0,"timestamp":1772552781414},{"is_buyer_maker":true,"price":9.107,"quantity":21.9,"timestamp":1772552781414},{"is_buyer_maker":true,"price":9.108,"quantity":80.0,"timestamp":1772552781414},{"is_buyer_maker":true,"price":9.107,"quantity":21.9,"timestamp":1772552781414},{"is_buyer_maker":true,"price":9.108,"quantity":80.0,"timestamp":1772552781414},{"is_buyer_maker":true,"price":9.107,"quantity":21.9,"timestamp":1772552781414},{"is_buyer_maker":false,"price":9.107,"quantity":1.0,"timestamp":1772552781423},{"is_buyer_maker":true,"price":9.107,"quantity":198.1,"timestamp":1772552781859},{"is_buyer_maker":false,"price":9.107,"quantity":6.5,"timestamp":1772552782851},{"is_buyer_maker":true,"price":9.106,"quantity":10.4,"timestamp":1772552783779},{"is_buyer_maker":true,"price":9.105,"quantity":10.8,"timestamp":1772552785136},{"is_buyer_maker":true,"price":9.104,"quantity":0.2,"timestamp":1772552785476},{"is_buyer_maker":true,"price":9.104,"quantity":0.1,"timestamp":1772552785521},{"is_buyer_maker":true,"price":9.104,"quantity":8.7,"timestamp":1772552785997},{"is_buyer_maker":true,"price":9.104,"quantity":58.3,"timestamp":1772552786077},{"is_buyer_maker":true,"price":9.103,"quantity":1.3,"timestamp":1772552786142},{"is_buyer_maker":true,"price":9.102,"quantity":1.4,"timestamp":1772552786142},{"is_buyer_maker":true,"price":9.103,"quantity":1.3,"timestamp":1772552786142},{"is_buyer_maker":true,"price":9.102,"quantity":1.4,"timestamp":1772552786142},{"is_buyer_maker":true,"price":9.103,"quantity":1.3,"timestamp":1772552786142},{"is_buyer_maker":true,"price":9.102,"quantity":1.4,"timestamp":1772552786142},{"is_buyer_maker":true,"price":9.103,"quantity":1.3,"timestamp":1772552786142},{"is_buyer_maker":true,"price":9.102,"quantity":1.4,"timestamp":1772552786142},{"is_buyer_maker":true,"price":9.103,"quantity":1.3,"timestamp":1772552786142},{"is_buyer_maker":true,"price":9.102,"quantity":1.4,"timestamp":1772552786142},{"is_buyer_maker":true,"price":9.103,"quantity":1.3,"timestamp":1772552786142},{"is_buyer_maker":true,"price":9.102,"quantity":1.4,"timestamp":1772552786142},{"is_buyer_maker":true,"price":9.103,"quantity":1.3,"timestamp":1772552786142},{"is_buyer_maker":true,"price":9.102,"quantity":1.4,"timestamp":1772552786142},{"is_buyer_maker":true,"price":9.103,"quantity":1.3,"timestamp":1772552786142},{"is_buyer_maker":true,"price":9.102,"quantity":1.4,"timestamp":1772552786142},{"is_buyer_maker":true,"price":9.103,"quantity":1.3,"timestamp":1772552786142},{"is_buyer_maker":true,"price":9.102,"quantity":1.4,"timestamp":1772552786142},{"is_buyer_maker":true,"price":9.103,"quantity":1.3,"timestamp":1772552786142},{"is_buyer_maker":true,"price":9.102,"quantity":1.4,"timestamp":1772552786142},{"is_buyer_maker":true,"price":9.103,"quantity":1.3,"timestamp":1772552786142},{"is_buyer_maker":true,"price":9.102,"quantity":1.4,"timestamp":1772552786142},{"is_buyer_maker":true,"price":9.103,"quantity":1.3,"timestamp":1772552786142},{"is_buyer_maker":true,"price":9.102,"quantity":1.4,"timestamp":1772552786142},{"is_buyer_maker":true,"price":9.103,"quantity":1.3,"timestamp":1772552786142},{"is_buyer_maker":true,"price":9.102,"quantity":1.4,"timestamp":1772552786142},{"is_buyer_maker":true,"price":9.103,"quantity":1.3,"timestamp":1772552786142},{"is_buyer_maker":true,"price":9.102,"quantity":1.4,"timestamp":1772552786142},{"is_buyer_maker":true,"price":9.103,"quantity":1.3,"timestamp":1772552786142},{"is_buyer_maker":true,"price":9.102,"quantity":1.4,"timestamp":1772552786142},{"is_buyer_maker":true,"price":9.101,"quantity":0.1,"timestamp":1772552786225},{"is_buyer_maker":true,"price":9.101,"quantity":0.4,"timestamp":1772552786327},{"is_buyer_maker":true,"price":9.101,"quantity":0.1,"timestamp":1772552786590},{"is_buyer_maker":true,"price":9.101,"quantity":1092.7,"timestamp":1772552786592},{"is_buyer_maker":true,"price":9.1,"quantity":1.0,"timestamp":1772552786674},{"is_buyer_maker":true,"price":9.1,"quantity":0.6,"timestamp":1772552786682},{"is_buyer_maker":true,"price":9.1,"quantity":0.7,"timestamp":1772552786703},{"is_buyer_maker":true,"price":9.1,"quantity":0.1,"timestamp":1772552786706},{"is_buyer_maker":true,"price":9.099,"quantity":0.1,"timestamp":1772552786709},{"is_buyer_maker":true,"price":9.099,"quantity":0.1,"timestamp":1772552787090},{"is_buyer_maker":true,"price":9.099,"quantity":0.1,"timestamp":1772552787119},{"is_buyer_maker":true,"price":9.099,"quantity":1.2,"timestamp":1772552787277},{"is_buyer_maker":true,"price":9.098,"quantity":0.2,"timestamp":1772552787640},{"is_buyer_maker":true,"price":9.098,"quantity":0.1,"timestamp":1772552788070},{"is_buyer_maker":true,"price":9.098,"quantity":0.9,"timestamp":1772552788319},{"is_buyer_maker":true,"price":9.098,"quantity":0.8,"timestamp":1772552788324},{"is_buyer_maker":true,"price":9.098,"quantity":1.1,"timestamp":1772552788328},{"is_buyer_maker":true,"price":9.097,"quantity":0.2,"timestamp":1772552788486},{"is_buyer_maker":true,"price":9.097,"quantity":0.9,"timestamp":1772552788634},{"is_buyer_maker":true,"price":9.096,"quantity":1.4,"timestamp":1772552788638},{"is_buyer_maker":true,"price":9.095,"quantity":0.1,"timestamp":1772552788847},{"is_buyer_maker":true,"price":9.095,"quantity":5.5,"timestamp":1772552788995},{"is_buyer_maker":true,"price":9.094,"quantity":1.4,"timestamp":1772552789058},{"is_buyer_maker":true,"price":9.093,"quantity":0.4,"timestamp":1772552789383},{"is_buyer_maker":true,"price":9.093,"quantity":0.9,"timestamp":1772552789537},{"is_buyer_maker":true,"price":9.092,"quantity":3.4,"timestamp":1772552789718},{"is_buyer_maker":true,"price":9.091,"quantity":0.1,"timestamp":1772552789859},{"is_buyer_maker":true,"price":9.091,"quantity":0.1,"timestamp":1772552790002},{"is_buyer_maker":true,"price":9.091,"quantity":0.1,"timestamp":1772552790323},{"is_buyer_maker":true,"price":9.091,"quantity":0.1,"timestamp":1772552790460},{"is_buyer_maker":true,"price":9.091,"quantity":60.3,"timestamp":1772552790677},{"is_buyer_maker":true,"price":9.09,"quantity":1.2,"timestamp":1772552790701},{"is_buyer_maker":true,"price":9.089,"quantity":45.3,"timestamp":1772552790701},{"is_buyer_maker":true,"price":9.088,"quantity":124.8,"timestamp":1772552790701},{"is_buyer_maker":true,"price":9.09,"quantity":1.2,"timestamp":1772552790701},{"is_buyer_maker":true,"price":9.089,"quantity":45.3,"timestamp":1772552790701},{"is_buyer_maker":true,"price":9.088,"quantity":124.8,"timestamp":1772552790701},{"is_buyer_maker":true,"price":9.09,"quantity":1.2,"timestamp":1772552790701},{"is_buyer_maker":true,"price":9.089,"quantity":45.3,"timestamp":1772552790701},{"is_buyer_maker":true,"price":9.088,"quantity":124.8,"timestamp":1772552790701},{"is_buyer_maker":true,"price":9.09,"quantity":1.2,"timestamp":1772552790701},{"is_buyer_maker":true,"price":9.089,"quantity":45.3,"timestamp":1772552790701},{"is_buyer_maker":true,"price":9.088,"quantity":124.8,"timestamp":1772552790701},{"is_buyer_maker":true,"price":9.09,"quantity":1.2,"timestamp":1772552790701},{"is_buyer_maker":true,"price":9.089,"quantity":45.3,"timestamp":1772552790701},{"is_buyer_maker":true,"price":9.088,"quantity":124.8,"timestamp":1772552790701},{"is_buyer_maker":true,"price":9.09,"quantity":1.2,"timestamp":1772552790701},{"is_buyer_maker":true,"price":9.089,"quantity":45.3,"timestamp":1772552790701},{"is_buyer_maker":true,"price":9.088,"quantity":124.8,"timestamp":1772552790701},{"is_buyer_maker":true,"price":9.09,"quantity":1.2,"timestamp":1772552790701},{"is_buyer_maker":true,"price":9.089,"quantity":45.3,"timestamp":1772552790701},{"is_buyer_maker":true,"price":9.088,"quantity":124.8,"timestamp":1772552790701},{"is_buyer_maker":true,"price":9.09,"quantity":1.2,"timestamp":1772552790701},{"is_buyer_maker":true,"price":9.089,"quantity":45.3,"timestamp":1772552790701},{"is_buyer_maker":true,"price":9.088,"quantity":124.8,"timestamp":1772552790701},{"is_buyer_maker":true,"price":9.09,"quantity":1.2,"timestamp":1772552790701},{"is_buyer_maker":true,"price":9.089,"quantity":45.3,"timestamp":1772552790701},{"is_buyer_maker":true,"price":9.088,"quantity":124.8,"timestamp":1772552790701},{"is_buyer_maker":true,"price":9.09,"quantity":1.2,"timestamp":1772552790701},{"is_buyer_maker":true,"price":9.089,"quantity":45.3,"timestamp":1772552790701},{"is_buyer_maker":true,"price":9.088,"quantity":124.8,"timestamp":1772552790701},{"is_buyer_maker":true,"price":9.09,"quantity":1.2,"timestamp":1772552790701},{"is_buyer_maker":true,"price":9.089,"quantity":45.3,"timestamp":1772552790701},{"is_buyer_maker":true,"price":9.088,"quantity":124.8,"timestamp":1772552790701},{"is_buyer_maker":true,"price":9.09,"quantity":1.2,"timestamp":1772552790701},{"is_buyer_maker":true,"price":9.089,"quantity":45.3,"timestamp":1772552790701},{"is_buyer_maker":true,"price":9.088,"quantity":124.8,"timestamp":1772552790701},{"is_buyer_maker":true,"price":9.09,"quantity":1.2,"timestamp":1772552790701},{"is_buyer_maker":true,"price":9.089,"quantity":45.3,"timestamp":1772552790701},{"is_buyer_maker":true,"price":9.088,"quantity":124.8,"timestamp":1772552790701},{"is_buyer_maker":true,"price":9.09,"quantity":1.2,"timestamp":1772552790701},{"is_buyer_maker":true,"price":9.089,"quantity":45.3,"timestamp":1772552790701},{"is_buyer_maker":true,"price":9.088,"quantity":124.8,"timestamp":1772552790701},{"is_buyer_maker":true,"price":9.088,"quantity":0.1,"timestamp":1772552791013},{"is_buyer_maker":true,"price":9.088,"quantity":0.4,"timestamp":1772552791073},{"is_buyer_maker":true,"price":9.088,"quantity":0.2,"timestamp":1772552791311},{"is_buyer_maker":true,"price":9.088,"quantity":0.4,"timestamp":1772552791340},{"is_buyer_maker":true,"price":9.088,"quantity":0.1,"timestamp":1772552791414},{"is_buyer_maker":true,"price":9.088,"quantity":1.6,"timestamp":1772552791798},{"is_buyer_maker":true,"price":9.088,"quantity":0.3,"timestamp":1772552792085},{"is_buyer_maker":true,"price":9.088,"quantity":0.1,"timestamp":1772552792434},{"is_buyer_maker":true,"price":9.088,"quantity":0.7,"timestamp":1772552792477},{"is_buyer_maker":true,"price":9.088,"quantity":0.1,"timestamp":1772552792492},{"is_buyer_maker":true,"price":9.088,"quantity":0.1,"timestamp":1772552792683},{"is_buyer_maker":true,"price":9.088,"quantity":0.1,"timestamp":1772552792774},{"is_buyer_maker":true,"price":9.088,"quantity":0.2,"timestamp":1772552793439},{"is_buyer_maker":true,"price":9.088,"quantity":0.1,"timestamp":1772552794052},{"is_buyer_maker":true,"price":9.088,"quantity":1.4,"timestamp":1772552794166},{"is_buyer_maker":true,"price":9.088,"quantity":0.1,"timestamp":1772552794241},{"is_buyer_maker":true,"price":9.088,"quantity":0.3,"timestamp":1772552794407},{"is_buyer_maker":true,"price":9.088,"quantity":13.1,"timestamp":1772552794720},{"is_buyer_maker":true,"price":9.087,"quantity":0.1,"timestamp":1772552795226},{"is_buyer_maker":true,"price":9.087,"quantity":0.8,"timestamp":1772552795711},{"is_buyer_maker":true,"price":9.087,"quantity":0.1,"timestamp":1772552796049},{"is_buyer_maker":false,"price":9.088,"quantity":35.8,"timestamp":1772552796064},{"is_buyer_maker":true,"price":9.087,"quantity":0.2,"timestamp":1772552796263},{"is_buyer_maker":true,"price":9.087,"quantity":0.1,"timestamp":1772552796681},{"is_buyer_maker":true,"price":9.087,"quantity":0.2,"timestamp":1772552796725},{"is_buyer_maker":true,"price":9.087,"quantity":0.1,"timestamp":1772552797092},{"is_buyer_maker":true,"price":9.087,"quantity":1.0,"timestamp":1772552797187},{"is_buyer_maker":true,"price":9.086,"quantity":3.0,"timestamp":1772552797284},{"is_buyer_maker":true,"price":9.085,"quantity":0.1,"timestamp":1772552797432},{"is_buyer_maker":true,"price":9.085,"quantity":0.1,"timestamp":1772552797487},{"is_buyer_maker":true,"price":9.085,"quantity":32.8,"timestamp":1772552797565},{"is_buyer_maker":true,"price":9.084,"quantity":4.4,"timestamp":1772552797604},{"is_buyer_maker":true,"price":9.083,"quantity":0.7,"timestamp":1772552797661},{"is_buyer_maker":true,"price":9.083,"quantity":0.6,"timestamp":1772552797666},{"is_buyer_maker":true,"price":9.082,"quantity":0.8,"timestamp":1772552798283},{"is_buyer_maker":true,"price":9.082,"quantity":0.1,"timestamp":1772552798440},{"is_buyer_maker":true,"price":9.082,"quantity":0.2,"timestamp":1772552799017},{"is_buyer_maker":true,"price":9.082,"quantity":1.1,"timestamp":1772552799321},{"is_buyer_maker":true,"price":9.082,"quantity":1.7,"timestamp":1772552799442},{"is_buyer_maker":true,"price":9.082,"quantity":0.1,"timestamp":1772552799635},{"is_buyer_maker":true,"price":9.082,"quantity":0.3,"timestamp":1772552799818},{"is_buyer_maker":false,"price":9.083,"quantity":130.0,"timestamp":1772552799942},{"is_buyer_maker":false,"price":9.084,"quantity":4.7,"timestamp":1772552801866},{"is_buyer_maker":false,"price":9.085,"quantity":1.1,"timestamp":1772552801868},{"is_buyer_maker":false,"price":9.086,"quantity":1.3,"timestamp":1772552802336},{"is_buyer_maker":false,"price":9.087,"quantity":1.1,"timestamp":1772552802341},{"is_buyer_maker":true,"price":9.087,"quantity":29.9,"timestamp":1772552802488},{"is_buyer_maker":false,"price":9.088,"quantity":81.9,"timestamp":1772552803308},{"is_buyer_maker":false,"price":9.088,"quantity":8.7,"timestamp":1772552803311},{"is_buyer_maker":false,"price":9.089,"quantity":1.4,"timestamp":1772552803315},{"is_buyer_maker":true,"price":9.089,"quantity":0.1,"timestamp":1772552803729},{"is_buyer_maker":false,"price":9.09,"quantity":7.1,"timestamp":1772552804530},{"is_buyer_maker":false,"price":9.091,"quantity":5.5,"timestamp":1772552804530},{"is_buyer_maker":false,"price":9.09,"quantity":7.1,"timestamp":1772552804530},{"is_buyer_maker":false,"price":9.091,"quantity":5.5,"timestamp":1772552804530},{"is_buyer_maker":false,"price":9.09,"quantity":7.1,"timestamp":1772552804530},{"is_buyer_maker":false,"price":9.091,"quantity":5.5,"timestamp":1772552804530},{"is_buyer_maker":false,"price":9.09,"quantity":7.1,"timestamp":1772552804530},{"is_buyer_maker":false,"price":9.091,"quantity":5.5,"timestamp":1772552804530},{"is_buyer_maker":false,"price":9.09,"quantity":7.1,"timestamp":1772552804530},{"is_buyer_maker":false,"price":9.091,"quantity":5.5,"timestamp":1772552804530},{"is_buyer_maker":false,"price":9.09,"quantity":7.1,"timestamp":1772552804530},{"is_buyer_maker":false,"price":9.091,"quantity":5.5,"timestamp":1772552804530},{"is_buyer_maker":false,"price":9.09,"quantity":7.1,"timestamp":1772552804530},{"is_buyer_maker":false,"price":9.091,"quantity":5.5,"timestamp":1772552804530},{"is_buyer_maker":false,"price":9.09,"quantity":7.1,"timestamp":1772552804530},{"is_buyer_maker":false,"price":9.091,"quantity":5.5,"timestamp":1772552804530},{"is_buyer_maker":false,"price":9.09,"quantity":7.1,"timestamp":1772552804530},{"is_buyer_maker":false,"price":9.091,"quantity":5.5,"timestamp":1772552804530},{"is_buyer_maker":false,"price":9.09,"quantity":7.1,"timestamp":1772552804530},{"is_buyer_maker":false,"price":9.091,"quantity":5.5,"timestamp":1772552804530},{"is_buyer_maker":false,"price":9.09,"quantity":7.1,"timestamp":1772552804530},{"is_buyer_maker":false,"price":9.091,"quantity":5.5,"timestamp":1772552804530},{"is_buyer_maker":false,"price":9.09,"quantity":7.1,"timestamp":1772552804530},{"is_buyer_maker":false,"price":9.091,"quantity":5.5,"timestamp":1772552804530},{"is_buyer_maker":false,"price":9.09,"quantity":7.1,"timestamp":1772552804530},{"is_buyer_maker":false,"price":9.091,"quantity":5.5,"timestamp":1772552804530},{"is_buyer_maker":false,"price":9.09,"quantity":7.1,"timestamp":1772552804530},{"is_buyer_maker":false,"price":9.091,"quantity":5.5,"timestamp":1772552804530},{"is_buyer_maker":true,"price":9.09,"quantity":1.0,"timestamp":1772552804638},{"is_buyer_maker":true,"price":9.089,"quantity":170.8,"timestamp":1772552806894},{"is_buyer_maker":true,"price":9.088,"quantity":1.3,"timestamp":1772552806955},{"is_buyer_maker":false,"price":9.088,"quantity":500.0,"timestamp":1772552807428},{"is_buyer_maker":true,"price":9.087,"quantity":1.3,"timestamp":1772552808615},{"is_buyer_maker":false,"price":9.087,"quantity":65.9,"timestamp":1772552809199},{"is_buyer_maker":true,"price":9.086,"quantity":0.2,"timestamp":1772552810386},{"is_buyer_maker":true,"price":9.086,"quantity":0.1,"timestamp":1772552810394},{"is_buyer_maker":true,"price":9.086,"quantity":1.0,"timestamp":1772552810476},{"is_buyer_maker":true,"price":9.085,"quantity":0.1,"timestamp":1772552810520},{"is_buyer_maker":true,"price":9.085,"quantity":1.0,"timestamp":1772552810571},{"is_buyer_maker":true,"price":9.084,"quantity":1.0,"timestamp":1772552810993},{"is_buyer_maker":true,"price":9.084,"quantity":0.1,"timestamp":1772552811330},{"is_buyer_maker":true,"price":9.084,"quantity":0.1,"timestamp":1772552811370},{"is_buyer_maker":true,"price":9.084,"quantity":0.3,"timestamp":1772552811852},{"is_buyer_maker":true,"price":9.084,"quantity":0.1,"timestamp":1772552811939},{"is_buyer_maker":true,"price":9.084,"quantity":1.6,"timestamp":1772552812357},{"is_buyer_maker":true,"price":9.084,"quantity":0.5,"timestamp":1772552812360},{"is_buyer_maker":true,"price":9.084,"quantity":0.8,"timestamp":1772552812563},{"is_buyer_maker":true,"price":9.084,"quantity":1.1,"timestamp":1772552812636},{"is_buyer_maker":true,"price":9.084,"quantity":0.5,"timestamp":1772552812743},{"is_buyer_maker":true,"price":9.084,"quantity":0.1,"timestamp":1772552813317},{"is_buyer_maker":true,"price":9.084,"quantity":0.1,"timestamp":1772552813517},{"is_buyer_maker":true,"price":9.084,"quantity":0.1,"timestamp":1772552814397},{"is_buyer_maker":false,"price":9.085,"quantity":5.5,"timestamp":1772552814402},{"is_buyer_maker":false,"price":9.085,"quantity":10.6,"timestamp":1772552814460},{"is_buyer_maker":true,"price":9.085,"quantity":1.1,"timestamp":1772552814726},{"is_buyer_maker":false,"price":9.086,"quantity":1.4,"timestamp":1772552814728},{"is_buyer_maker":false,"price":9.087,"quantity":3.7,"timestamp":1772552816704},{"is_buyer_maker":false,"price":9.088,"quantity":1.3,"timestamp":1772552816706},{"is_buyer_maker":true,"price":9.088,"quantity":6.7,"timestamp":1772552818228},{"is_buyer_maker":true,"price":9.087,"quantity":1.5,"timestamp":1772552818339},{"is_buyer_maker":true,"price":9.086,"quantity":155.3,"timestamp":1772552818339}